@inproceedings{Perozzi2014,
author = {Perozzi, Bryan and Al-Rfou, Rami and Skiena, Steven},
booktitle = {ACM SIGKDD international conference on Knowledge discovery and data mining},
pages = {701--710},
title = {{Deepwalk: Online learning of social representations}},
year = {2014}
}
@article{Fary1948,
author = {F{\'{a}}ry, Istv{\'{a}}n},
file = {::},
journal = {Acta Sci. Math. (Szeged)},
pages = {229--233},
title = {{On straight line representation of planar graphs}},
volume = {11},
year = {1948}
}
@article{Kant1996,
author = {Kant, Goos},
issn = {0178-4617},
journal = {Algorithmica},
number = {1},
pages = {4--32},
publisher = {Springer},
title = {{Drawing planar graphs using the canonical ordering}},
volume = {16},
year = {1996}
}
@inproceedings{Albano2012,
author = {Albano, James A and Messinger, David W},
booktitle = {Algorithms and Technologies for Multispectral, Hyperspectral, and Ultraspectral Imagery},
file = {:D$\backslash$:/Downloads/83902G.pdf:pdf},
pages = {83902G},
publisher = {International Society for Optics and Photonics},
title = {{Euclidean commute time distance embedding and its application to spectral anomaly detection}},
volume = {8390},
year = {2012}
}
@article{Battaglia2018,
archivePrefix = {arXiv},
arxivId = {1806.01261},
author = {Battaglia, Peter W. and Hamrick, Jessica B. and Bapst, Victor and Sanchez-Gonzalez, Alvaro and Zambaldi, Vinicius and Malinowski, Mateusz and Tacchetti, Andrea and Raposo, David and Santoro, Adam and Faulkner, Ryan and Gulcehre, Caglar and Song, Francis and Ballard, Andrew and Gilmer, Justin and Dahl, George and Vaswani, Ashish and Allen, Kelsey and Nash, Charles and Langston, Victoria and Dyer, Chris and Heess, Nicolas and Wierstra, Daan and Kohli, Pushmeet and Botvinick, Matt and Vinyals, Oriol and Li, Yujia and Pascanu, Razvan},
doi = {10.1017/S0031182005008516},
eprint = {1806.01261},
isbn = {0885-6230},
issn = {0031-1820},
journal = {arXiv preprint},
pmid = {16336731},
title = {{Relational inductive biases, deep learning, and graph networks}},
url = {http://arxiv.org/abs/1806.01261},
year = {2018}
}
@article{Kipf2016,
archivePrefix = {arXiv},
arxivId = {1609.02907},
author = {Kipf, Thomas N and Welling, Max},
eprint = {1609.02907},
journal = {arXiv preprint},
title = {{Semi-supervised classification with graph convolutional networks}},
year = {2016}
}
@article{Koebe1936,
author = {Koebe, Paul},
journal = {Ber. S{\"{a}}chs. Akad. Wiss. Leipzig},
pages = {141--164},
title = {{Kontaktprobleme der konformen Abbildung}},
url = {https://books.google.co.uk/books/about/Kontaktprobleme{\_}der{\_}konformen{\_}Abbildung.html?id=ie9XGwAACAAJ{\&}redir{\_}esc=y},
volume = {88},
year = {1936}
}
@book{Minard1862,
author = {Minard, Charles Joseph},
booktitle = {Biblioth{\`{e}}que de l'{\'{E}}cole nationale des chartes},
title = {{Des tableaux graphiques et des cartes figuratives}},
year = {1862}
}
@article{Bar-Joseph2001,
author = {Bar-Joseph, Z and Gifford, D K and Jaakkola, T S},
issn = {1367-4803},
journal = {Bioinformatics},
number = {suppl{\_}1},
pages = {S22--S29},
title = {{Fast optimal leaf ordering for hierarchical clustering}},
volume = {17},
year = {2001}
}
@article{Krzywinski2012,
author = {Krzywinski, Martin and Birol, Inanc and Jones, Steven J M and Marra, Marco A},
doi = {10.1093/bib/bbr069},
issn = {14675463},
journal = {Briefings in Bioinformatics},
keywords = {Bioinformatics,Computation,Graphs,Networks,Systems biology,Visualization},
number = {5},
pages = {627--644},
title = {{Hive plotsâ€”rational approach to visualizing networks}},
volume = {13},
year = {2012}
}
@article{DeFraysseix1990,
author = {{De Fraysseix}, Hubert and Pach, J{\'{a}}nos and Pollack, Richard},
issn = {0209-9683},
journal = {Combinatorica},
number = {1},
pages = {41--51},
publisher = {Springer},
title = {{How to draw a planar graph on a grid}},
volume = {10},
year = {1990}
}
@article{Cauchy1847,
author = {Cauchy, Augustin},
journal = {Comp. Rend. Sci. Paris},
number = {1847},
pages = {536--538},
title = {{M{\'{e}}thode g{\'{e}}n{\'{e}}rale pour la r{\'{e}}solution des systemes d'{\'{e}}quations simultan{\'{e}}es}},
volume = {25},
year = {1847}
}
@article{Pupyrev2016,
author = {Pupyrev, Sergey and Nachmanson, Lev and Bereg, Sergey and Holroyd, Alexander E.},
doi = {10.1016/j.comgeo.2015.10.005},
file = {:C$\backslash$:/Users/jz/AppData/Local/Mendeley Ltd./Mendeley Desktop/Downloaded/Pupyrev et al. - 2016 - Edge routing with ordered bundles.pdf:pdf},
isbn = {9783642258770},
issn = {09257721},
journal = {Computational Geometry: Theory and Applications},
keywords = {Crossing minimization,Edge bundling,Edge routing,Graph drawing},
pages = {18--33},
publisher = {Elsevier B.V.},
title = {{Edge routing with ordered bundles}},
url = {http://dx.doi.org/10.1016/j.comgeo.2015.10.005},
volume = {52},
year = {2016}
}
@article{Holten2009,
author = {Holten, Danny and {Van Wijk}, Jarke J.},
doi = {10.1111/j.1467-8659.2009.01450.x},
file = {:C$\backslash$:/Users/jz/AppData/Local/Mendeley Ltd./Mendeley Desktop/Downloaded/Holten, Van Wijk - 2009 - Force-Directed edge bundling for graph visualization.pdf:pdf},
isbn = {01677055},
issn = {01677055},
journal = {Computer Graphics Forum},
number = {3},
pages = {983--990},
title = {{Force-directed edge bundling for graph visualization}},
volume = {28},
year = {2009}
}
@article{Hurter2012,
author = {Hurter, Christophe and Ersoy, Ozan and Telea, Alexandru},
isbn = {0167-7055},
journal = {Computer Graphics Forum},
number = {3pt1},
pages = {865--874},
publisher = {Wiley Online Library},
title = {{Graph bundling by kernel density estimation}},
volume = {31},
year = {2012}
}
@article{Jia2011,
author = {Jia, Yuntao and Garland, Michael and Hart, John C.},
doi = {10.1111/j.1467-8659.2011.02037.x},
file = {:D$\backslash$:/Downloads/j.1467-8659.2011.02037.x.pdf:pdf},
isbn = {01677055},
issn = {14678659},
journal = {Computer Graphics Forum},
keywords = {Betweenness centrality,Edge bundles,Network clustering,Visualization},
number = {8},
pages = {2314--2327},
title = {{Social network clustering and visualization using hierarchical edge bundles}},
volume = {30},
year = {2011}
}
@article{Lhuillier2017,
author = {Lhuillier, A. and Hurter, C. and Telea, A.},
doi = {10.1111/cgf.13213},
file = {:C$\backslash$:/Users/jz/AppData/Local/Mendeley Ltd./Mendeley Desktop/Downloaded/Lhuillier, Hurter, Telea - 2017 - State of the Art in Edge and Trail Bundling Techniques.pdf:pdf},
issn = {14678659},
journal = {Computer Graphics Forum},
number = {3},
pages = {619--645},
title = {{State of the Art in Edge and Trail Bundling Techniques}},
volume = {36},
year = {2017}
}
@article{Eades1984,
author = {Eades, Peter},
journal = {Congressus numerantium},
pages = {149--160},
title = {{A heuristic for graph drawing}},
volume = {42},
year = {1984}
}
@article{Read1987,
author = {Read, Ronald Cedric},
journal = {Congressus Numerantium},
pages = {31--44},
publisher = {Faculty of Mathematics, University of Waterloo},
title = {{A new method for drawing a planar graph given the cyclic order of the edges at each vertex}},
volume = {56},
year = {1987}
}
@article{Zhang2005,
author = {Zhang, Huaming and He, Xin},
issn = {0179-5376},
journal = {Discrete {\&} Computational Geometry},
number = {2},
pages = {321--344},
publisher = {Springer},
title = {{Canonical ordering trees and their applications in graph drawing}},
volume = {33},
year = {2005}
}
@incollection{Brandes2001,
author = {Brandes, Ulrik},
booktitle = {Drawing Graphs: Methods and Models},
doi = {10.1007/3-540-44969-8_4},
pages = {71--86},
title = {{Drawing on Physical Analogies}},
year = {2001}
}
@article{Eklof2013,
author = {Ekl{\"{o}}f, Anna and Jacob, Ute and Kopp, Jason and Bosch, Jordi and Castro-Urgal, Roc{\'{i}}o and Chacoff, Natacha P and Dalsgaard, Bo and de Sassi, Claudio and Galetti, Mauro and Guimar{\~{a}}es, Paulo R and Lom{\'{a}}scolo, Silvia Beatriz and {Mart{\'{i}}n Gonz{\'{a}}lez}, Ana M and Pizo, Marco Aurelio and Rader, Romina and Rodrigo, Anselm and Tylianakis, Jason M and V{\'{a}}zquez, Diego P and Allesina, Stefano},
doi = {10.1111/ele.12081},
editor = {Dunne, Jennifer},
file = {::},
isbn = {1461-0248},
issn = {1461023X},
journal = {Ecology Letters},
keywords = {Ecological networks,Food web structure,Intervality,Niche space,Scaling,Species traits},
number = {5},
pages = {577--583},
pmid = {23438174},
title = {{The dimensionality of ecological networks}},
url = {http://doi.wiley.com/10.1111/ele.12081},
volume = {16},
year = {2013}
}
@article{Steinitz1922,
author = {Steinitz, Ernst},
doi = {10.1007/3-540-44634-6_3},
isbn = {3540424237},
issn = {16113349},
journal = {Encyclop{\"{a}}die der mathematischen Wissenschaften},
pages = {1--139},
title = {{Polyeder und Raumeinteilungen}},
volume = {3},
year = {1922}
}
@incollection{Eades2012,
author = {Eades, Peter and Hong, Seok-hee},
booktitle = {Expanding the Frontiers of Visual Analytics and Visualization},
doi = {10.1007/978-1-4471-2804-5},
isbn = {9781447128045},
pages = {111--126},
title = {{How to draw a graph, revisited}},
year = {2012}
}
@incollection{Coulomb1785,
author = {de Coulomb, Charles-Augustin},
booktitle = {Histoire de l'Acad{\'{e}}mie Royale des Sciences},
pages = {569--577},
publisher = {Paris},
title = {{Premier memoire sur l'{\'{e}}lectricit{\'{e}} et le magn{\'{e}}tisme}},
year = {1785}
}
@inproceedings{Johnson1991,
author = {Johnson, Brian and Shneiderman, Ben},
booktitle = {IEEE Conference on Visualization},
doi = {10.1109/visual.1991.175815},
isbn = {0818622458},
pages = {284--291},
title = {{Tree-maps: A space-filling approach to the visualization of hierarchical information structures}},
year = {1991}
}
@inproceedings{Gansner2011,
author = {Gansner, Emden R. and Hu, Yifan and North, Stephen and Scheidegger, Carlos},
booktitle = {IEEE Pacific Visualization Symposium},
doi = {10.1109/PACIFICVIS.2011.5742389},
file = {::},
isbn = {9781612849324},
keywords = {Edge bundling,clustering,graph drawing,multilevel},
pages = {187--194},
title = {{Multilevel agglomerative edge bundling for visualizing large graphs}},
year = {2011}
}
@inproceedings{Ghoniem2004,
author = {Ghoniem, Mohammad and Fekete, J-D and Castagliola, Philippe},
booktitle = {IEEE Symposium on Information Visualization},
isbn = {1522-404X},
pages = {17--24},
publisher = {Ieee},
title = {{A comparison of the readability of graphs using node-link and matrix-based representations}},
year = {2004}
}
@article{Quinn1979,
author = {Quinn, N and Breuer, M},
issn = {0098-4094},
journal = {IEEE Transactions on Circuits and systems},
number = {6},
pages = {377--388},
publisher = {IEEE},
title = {{A forced directed component placement procedure for printed circuit boards}},
volume = {26},
year = {1979}
}
@article{Brandes2007a,
author = {Brandes, Ulrik and Delling, Daniel and Gaertler, Marco and Gorke, Robert and Hoefer, Martin and Nikoloski, Zoran and Wagner, Dorothea},
issn = {1041-4347},
journal = {IEEE transactions on knowledge and data engineering},
number = {2},
pages = {172--188},
publisher = {IEEE},
title = {{On modularity clustering}},
volume = {20},
year = {2007}
}
@article{Wu2020,
author = {Wu, Zonghan and Pan, Shirui and Chen, Fengwen and Long, Guodong and Zhang, Chengqi and Philip, S Yu},
issn = {2162-237X},
journal = {IEEE Transactions on Neural Networks and Learning Systems},
publisher = {IEEE},
title = {{A comprehensive survey on graph neural networks}},
year = {2020}
}
@article{Holten2006,
annote = {Hierarchical edge bundling: organising your wires so that they don't look so messy.

https://bl.ocks.org/mbostock/7607999},
author = {Holten, Danny},
file = {:C$\backslash$:/Users/jz/AppData/Local/Mendeley Ltd./Mendeley Desktop/Downloaded/Holten - 2006 - Hierarchical Edge Bundles Visualization of Adjacency Relations in Hierarchical Data.pdf:pdf},
journal = {IEEE Transactions on Visualization and Computer Graphics},
keywords = {Visualization},
number = {5},
pages = {741--748},
title = {{Hierarchical Edge Bundles: Visualization of Adjacency Relations in Hierarchical Data}},
volume = {12},
year = {2006}
}
@article{Chrobak1995,
author = {Chrobak, Marek and Payne, Thomas H},
issn = {0020-0190},
journal = {Information Processing Letters},
number = {4},
pages = {241--246},
publisher = {Elsevier},
title = {{A linear-time algorithm for drawing a planar graph on a grid}},
volume = {54},
year = {1995}
}
@article{Kamada1989,
author = {Kamada, Tomihisa and Kawai, Satoru},
doi = {10.1016/0020-0190(89)90102-6},
file = {::},
issn = {00200190},
journal = {Information Processing Letters},
keywords = {drawing algorithm,graph,layout,network structure},
month = {apr},
number = {1},
pages = {7--15},
title = {{An algorithm for drawing general undirected graphs}},
url = {http://linkinghub.elsevier.com/retrieve/pii/0020019089901026},
volume = {31},
year = {1989}
}
@inproceedings{Koren2003,
author = {Koren, Yehuda},
booktitle = {International Computing and Combinatorics Conference},
pages = {496--508},
title = {{On Spectral Graph Drawing}},
year = {2003}
}
@inproceedings{Argyriou2010,
author = {Argyriou, Evmorfia N and Bekos, Michael A and Symvonis, Antonios},
booktitle = {International Symposium on Graph Drawing},
pages = {62--67},
publisher = {Springer},
title = {{Maximizing the total resolution of graphs}},
year = {2010}
}
@inproceedings{Brandes2009,
author = {Brandes, Ulrik and Pich, Christian},
booktitle = {International Symposium on Graph Drawing},
doi = {10.1007/978-3-642-00219-9_21},
file = {::},
isbn = {978-3-642-00218-2/pbk},
pages = {218--229},
title = {{An Experimental Study on Distance-Based Graph Drawing}},
url = {http://link.springer.com/10.1007/978-3-642-00219-9{\_}21},
year = {2009}
}
@inproceedings{Brandes2007,
address = {Berlin, Heidelberg},
annote = {Pivot MDS},
author = {Brandes, Ulrik and Pich, Christian},
booktitle = {International Symposium on Graph Drawing},
doi = {10.1007/978-3-540-70904-6_6},
file = {::},
isbn = {978-3-540-70903-9},
issn = {03029743},
pages = {42--53},
publisher = {Springer Berlin Heidelberg},
title = {{Eigensolver Methods for Progressive Multidimensional Scaling of Large Data}},
url = {http://www.springerlink.com/content/8651606146q45707 http://link.springer.com/10.1007/978-3-540-70904-6{\_}6},
year = {2007}
}
@inproceedings{Frick1995,
author = {Frick, Arne and Ludwig, Andreas and Mehldau, Heiko},
booktitle = {International Symposium on Graph Drawing},
doi = {10.1007/3-540-58950-3_393},
isbn = {3540589503},
issn = {16113349},
pages = {388--403},
title = {{A fast adaptive layout algorithm for undirected graphs}},
year = {1995}
}
@inproceedings{Gansner2005,
author = {Gansner, Emden R. and Koren, Yehuda and North, Stephen},
booktitle = {International Symposium on Graph Drawing},
doi = {10.1007/978-3-540-31843-9_25},
file = {:C$\backslash$:/Users/jz/AppData/Local/Mendeley Ltd./Mendeley Desktop/Downloaded/Gansner, Koren, North - 2005 - Graph Drawing by Stress Majorization.pdf:pdf},
isbn = {3-540-31425-3},
issn = {10958290},
pages = {239--250},
pmid = {21193480},
title = {{Graph Drawing by Stress Majorization}},
url = {http://link.springer.com/10.1007/978-3-540-31843-9{\_}25},
year = {2005}
}
@inproceedings{Purchase1997,
author = {Purchase, Helen},
booktitle = {International Symposium on Graph Drawing},
pages = {248--261},
publisher = {Springer},
title = {{Which aesthetic has the greatest effect on human understanding?}},
year = {1997}
}
@inproceedings{Telea2018,
author = {Telea, Alexandru},
booktitle = {International Symposium on Graph Drawing},
doi = {10.1007/978-3-030-04414-5},
isbn = {978-3-030-04413-8},
keywords = {Image-based information visualization,Large graph visualization,Multiscale visualization,image-based information visualization,large graph visualization,multiscale visualization},
pages = {3--19},
publisher = {Springer International Publishing},
title = {{Image-Based Graph Visualization: Advances and Challenges}},
url = {https://doi.org/10.1007/978-3-030-04414-5},
year = {2018}
}
@article{Wagner1936,
author = {Wagner, Klaus},
journal = {Jber. Deutsches Mathematiks Verein},
pages = {26--32},
title = {{Bemerkungen zum vierfarbenproblem}},
url = {https://ci.nii.ac.jp/naid/10024066785/},
volume = {46},
year = {1936}
}
@article{DeLeeuw1988,
author = {{De Leeuw}, Jan},
issn = {0176-4268},
journal = {Journal of Classification},
number = {2},
pages = {163--180},
publisher = {Springer},
title = {{Convergence of the majorization method for multidimensional scaling}},
volume = {5},
year = {1988}
}
@article{Harel2004,
author = {Harel, David and Koren, Yehuda},
journal = {Journal of Graph Algorithms and Applications},
number = {2},
pages = {195--214},
title = {{Graph Drawing by High-Dimensional Embedding}},
volume = {8},
year = {2004}
}
@article{Ortmann2017,
author = {Ortmann, Mark and Klimenta, Mirza and Brandes, Ulrik},
doi = {10.7155/jgaa.00440},
file = {::},
issn = {1526-1719},
journal = {Journal of Graph Algorithms and Applications},
number = {5},
pages = {791--821},
title = {{A Sparse Stress Model}},
url = {http://jgaa.info/getPaper?id=440},
volume = {21},
year = {2017}
}
@article{Pons2006,
author = {Pons, Pascal and Latapy, Matthieu},
file = {:D$\backslash$:/Downloads/PonsLatapy2006.10.2.pdf:pdf},
journal = {Journal of Graph Algorithms and Applications},
number = {2},
pages = {191--218},
publisher = {Citeseer},
title = {{Computing communities in large networks using random walks}},
volume = {10},
year = {2006}
}
@article{Schmidt2008,
author = {Schmidt, Mario},
issn = {1088-1980},
journal = {Journal of industrial ecology},
number = {2},
pages = {173--185},
publisher = {Wiley Online Library},
title = {{The Sankey diagram in energy and material flow management: part II: methodology and current applications}},
volume = {12},
year = {2008}
}
@article{Blondel2008,
author = {Blondel, Vincent D and Guillaume, Jean-Loup and Lambiotte, Renaud and Lefebvre, Etienne},
issn = {1742-5468},
journal = {Journal of statistical mechanics: theory and experiment},
number = {10},
pages = {P10008},
publisher = {IOP Publishing},
title = {{Fast unfolding of communities in large networks}},
volume = {2008},
year = {2008}
}
@book{Hooke1678,
author = {Hooke, Robert},
booktitle = {Lectures de potentia restitutiva},
pages = {1--56},
title = {{Explaining the power of springing bodies}},
year = {1678}
}
@article{Hall1970,
author = {Hall, Kenneth M},
issn = {0025-1909},
journal = {Management science},
number = {3},
pages = {219--229},
publisher = {INFORMS},
title = {{An r-dimensional quadratic placement algorithm}},
volume = {17},
year = {1970}
}
@article{Hu2005,
author = {Hu, Yifan},
doi = {10.3402/qhw.v6i2.5918},
file = {::},
isbn = {1047-5974},
issn = {17482631},
journal = {Mathematica Journal},
number = {1},
pages = {37--71},
pmid = {21637349},
title = {{Efficient, High-Quality Force-Directed Graph Drawing}},
url = {http://www.mathematica-journal.com/issue/v10i1/contents/graph{\_}draw/graph{\_}draw.pdf},
volume = {10},
year = {2005}
}
@inproceedings{Sankey1896,
author = {Sankey, Henry Riall},
booktitle = {Minutes of the Proceedings of the Institution of Civil Engineers},
isbn = {1753-7843},
number = {1896},
pages = {182--212},
publisher = {Thomas Telford-ICE Virtual Library},
title = {{The thermal efficiency of steam engines}},
volume = {125},
year = {1896}
}
@article{Enright2002,
author = {Enright, Anton J and {Van Dongen}, Stijn and Ouzounis, Christos A},
issn = {1362-4962},
journal = {Nucleic Acids Research},
number = {7},
pages = {1575--1584},
publisher = {Oxford University Press},
title = {{An efficient algorithm for large-scale detection of protein families}},
volume = {30},
year = {2002}
}
@article{Pearson1901,
author = {Pearson, Karl},
issn = {1941-5982},
journal = {Philosophical Magazine},
number = {11},
pages = {559--572},
publisher = {Taylor {\&} Francis},
title = {{On lines and planes of closest fit to systems of points in space}},
volume = {2},
year = {1901}
}
@article{Evans2009,
author = {Evans, T S and Lambiotte, Renaud},
journal = {Physical Review E},
number = {1},
pages = {16105},
publisher = {APS},
title = {{Line graphs, link partitions, and overlapping communities}},
volume = {80},
year = {2009}
}
@article{Hastings2006,
author = {Hastings, Matthew B},
journal = {Physical Review E},
number = {3},
pages = {35102},
publisher = {APS},
title = {{Community detection as an inference problem}},
volume = {74},
year = {2006}
}
@article{Newman2004,
author = {Newman, Mark E J and Girvan, Michelle},
journal = {Physical review E},
number = {2},
pages = {26113},
publisher = {APS},
title = {{Finding and evaluating community structure in networks}},
volume = {69},
year = {2004}
}
@article{Fortunato2016,
author = {Fortunato, Santo and Hric, Darko},
issn = {0370-1573},
journal = {Physics reports},
pages = {1--44},
publisher = {Elsevier},
title = {{Community detection in networks: A user guide}},
volume = {659},
year = {2016}
}
@article{Porter2018,
author = {Porter, Michael M and Niksiar, Pooya},
doi = {10.1371/journal.pone.0204309},
file = {::},
issn = {19326203},
journal = {PLoS ONE},
number = {9},
pages = {e0204309},
publisher = {Public Library of Science},
title = {{Multidimensional mechanics: Performance mapping of natural biological systems using permutated radar charts}},
volume = {13},
year = {2018}
}
@article{Stein1951,
author = {Stein, Sherman K},
doi = {10.1090/s0002-9939-1951-0041425-5},
issn = {0002-9939},
journal = {Proceedings of the American Mathematical Society},
number = {3},
pages = {464--466},
publisher = {American Mathematical Society (AMS)},
title = {{Convex maps}},
volume = {2},
year = {1951}
}
@article{Tutte1963,
author = {Tutte, William Thomas},
issn = {0024-6115},
journal = {Proceedings of the London Mathematical Society},
number = {1},
pages = {743--767},
publisher = {Wiley Online Library},
title = {{How to draw a graph}},
volume = {3},
year = {1963}
}
@article{Newman2006,
author = {Newman, Mark E J},
issn = {0027-8424},
journal = {Proceedings of the national academy of sciences},
number = {23},
pages = {8577--8582},
publisher = {National Acad Sciences},
title = {{Modularity and community structure in networks}},
volume = {103},
year = {2006}
}
@article{Rosvall2008,
author = {Rosvall, Martin and Bergstrom, Carl T.},
doi = {10.1073/pnas.0706851105},
file = {:D$\backslash$:/Downloads/1118.full.pdf:pdf},
issn = {10916490},
journal = {Proceedings of the National Academy of Sciences},
number = {4},
pages = {1118--1123},
pmid = {18216267},
title = {{Maps of random walks on complex networks reveal community structure}},
volume = {105},
year = {2008}
}
@article{Kruskal1964a,
author = {Kruskal, Joseph B},
issn = {0033-3123},
journal = {Psychometrika},
number = {1},
pages = {1--27},
publisher = {Springer},
title = {{Multidimensional scaling by optimizing goodness of fit to a nonmetric hypothesis}},
volume = {29},
year = {1964}
}
@article{Kruskal1964,
author = {Kruskal, Joseph B},
issn = {0033-3123},
journal = {Psychometrika},
number = {2},
pages = {115--129},
publisher = {Springer-Verlag},
title = {{Nonmetric multidimensional scaling: a numerical method}},
volume = {29},
year = {1964}
}
@article{Traag2019,
author = {Traag, V. A. and Waltman, L. and van Eck, N. J.},
doi = {10.1038/s41598-019-41695-z},
file = {:D$\backslash$:/Downloads/s41598-019-41695-z.pdf:pdf},
isbn = {4159801941695},
issn = {20452322},
journal = {Scientific Reports},
number = {5233},
pages = {1--12},
title = {{From Louvain to Leiden: guaranteeing well-connected communities}},
volume = {9},
year = {2019}
}
@inproceedings{Wang2006,
address = {New York, New York, USA},
author = {Wang, Weixin and Wang, Hui and Dai, Guozhong and Wang, Hongan},
booktitle = {SIGCHI conference on Human Factors in computing systems},
doi = {10.1145/1124772.1124851},
isbn = {1595931783},
keywords = {Circle packing,File system,Nested circles,Tree visualization},
pages = {517--520},
publisher = {ACM Press},
title = {{Visualization of large hierarchical data by circle packing}},
url = {http://portal.acm.org/citation.cfm?doid=1124772.1124851},
year = {2006}
}
@article{Fruchterman1991,
author = {Fruchterman, Thomas M J and Reingold, Edward M},
doi = {10.1002/spe.4380211102},
file = {:C$\backslash$:/Users/jz/AppData/Local/Mendeley Ltd./Mendeley Desktop/Downloaded/Fruchterman, Reingold - 1991 - Graph drawing by force-directed placement.pdf:pdf},
issn = {00380644},
journal = {Software: Practice and Experience},
month = {nov},
number = {11},
pages = {1129--1164},
title = {{Graph drawing by force-directed placement}},
url = {http://doi.wiley.com/10.1002/spe.4380211102},
volume = {21},
year = {1991}
}
@book{Friedman2001,
author = {Friedman, Jerome and Hastie, Trevor and Tibshirani, Robert},
booktitle = {Springer Series in Statistics},
pages = {22--27},
publisher = {Springer series in statistics New York},
title = {{The Elements of Statistical Learning}},
year = {2001}
}
@article{Liiv2010,
author = {Liiv, Innar},
doi = {10.1002/sam.10071},
file = {::},
isbn = {1932-1872},
issn = {19321864},
journal = {Statistical Analysis and Data Mining},
keywords = {climate data,community detection,complex networks,multivariate predictive modeling,network analysis},
number = {2},
pages = {70--91},
pmid = {21824845},
title = {{Seriation and matrix reordering methods: An historical overview}},
url = {http://doi.wiley.com/10.1002/sam.10071 http://arxiv.org/abs/1206.3552 http://dx.doi.org/10.1002/sam.10133},
volume = {3},
year = {2010}
}
@article{Reichardt2007,
author = {Reichardt, J{\"{o}}rg and White, Douglas R},
issn = {1434-6028},
journal = {The European Physical Journal B},
number = {2},
pages = {217--224},
publisher = {Springer},
title = {{Role models for complex networks}},
volume = {60},
year = {2007}
}
