@article{Watteaux2015,
author = {Watteaux, Romain and Stocker, Roman and Taylor, John R},
issn = {0022-5193},
journal = {Journal of Theoretical Biology},
pages = {120--135},
title = {{Sensitivity of the rate of nutrient uptake by chemotactic bacteria to physical and biological parameters in a turbulent environment}},
volume = {387},
year = {2015}
}
@article{Agutter2004,
author = {Agutter, Paul S and Wheatley, Denys N},
issn = {1742-4682},
journal = {Theoretical Biology and Medical Modelling},
pages = {1--11},
title = {{Metabolic scaling: Consensus or controversy?}},
volume = {1},
year = {2004}
}
@article{Senior2020,
author = {Senior, Andrew W and Evans, Richard and Jumper, John and Kirkpatrick, James and Sifre, Laurent and Green, Tim and Qin, Chongli and {\v{Z}}{\'{i}}dek, Augustin and Nelson, Alexander W R and Bridgland, Alex},
issn = {1476-4687},
journal = {Nature},
number = {7792},
pages = {706--710},
title = {{Improved protein structure prediction using potentials from deep learning}},
volume = {577},
year = {2020}
}
@article{Lee2014,
author = {Lee, Jeehyung and Kladwang, Wipapat and Lee, Minjae and Cantu, Daniel and Azizyan, Martin and Kim, Hanjoo and Limpaecher, Alex and Gaikwad, Snehal and Yoon, Sungroh and Treuille, Adrien},
journal = {Proceedings of the National Academy of Sciences},
number = {6},
pages = {2122--2127},
title = {{RNA design rules from a massive open laboratory}},
volume = {111},
year = {2014}
}
@article{Kleiber1947,
author = {Kleiber, Max},
issn = {0031-9333},
journal = {Physiological Reviews},
number = {4},
pages = {511--541},
title = {{Body size and metabolic rate}},
volume = {27},
year = {1947}
}
@inproceedings{Zheng2019Eco,
author = {Zheng, J X and Pawar, S and Goodman, D F M},
booktitle = {British Ecological Society Conference},
title = {{EcoBuilder: A video game to crowdsource food web research}},
year = {2019}
}
@article{Ponti2018,
author = {Ponti, Marisa and Hillman, Thomas and Kullenberg, Christopher and Kasperowski, Dick},
issn = {2057-4991},
journal = {Citizen Science: Theory and Practice},
number = {1},
title = {{Getting it right or being top rank: Games in citizen science}},
volume = {3},
year = {2018}
}
@book{Ocubo1980,
author = {Ocubo, A},
publisher = {Springer},
title = {{Diffusion and ecological problems: Mathematical models}},
year = {1980}
}
@book{Cohen2012,
author = {Cohen, Joel E and Briand, Fr{\'{e}}d{\'{e}}ric and Newman, Charles M},
isbn = {3642837840},
publisher = {Springer},
title = {{Community food webs: Data and theory}},
volume = {20},
year = {2012}
}
@incollection{Press2007Runge,
author = {Press, William H and Teukolsky, Saul A and Vetterling, William T and Flannery, Brian P},
booktitle = {Numerical recipes: The art of scientific computing},
edition = {3},
pages = {899--954},
title = {{Integration of ordinary differential equations}},
year = {2007}
}
@incollection{Laird2008,
author = {Laird, Simon and Lawson, Daniel and Jensen, Henrik Jeldtoft},
booktitle = {Mathematical Modeling of Biological Systems, Volume II},
pages = {49--62},
publisher = {Springer},
title = {{The tangled nature model of evolutionary ecology: An overview}},
year = {2008}
}
@article{Masters2019,
author = {Masters, Karen L and {Galaxy Zoo Team}},
issn = {1743-9213},
journal = {Proceedings of the International Astronomical Union},
number = {S353},
pages = {205--212},
title = {{Twelve years of Galaxy Zoo}},
volume = {14},
year = {2019}
}
@article{Rossiter2015,
author = {Rossiter, David G and Liu, Jing and Carlisle, Steve and Zhu, A-Xing},
issn = {0016-7061},
journal = {Geoderma},
pages = {71--80},
title = {{Can citizen science assist digital soil mapping?}},
volume = {259},
year = {2015}
}
@article{Walmsley2020,
author = {Walmsley, Mike and Smith, Lewis and Lintott, Chris and Gal, Yarin and Bamford, Steven and Dickinson, Hugh and Fortson, Lucy and Kruk, Sandor and Masters, Karen and Scarlata, Claudia},
issn = {0035-8711},
journal = {Monthly Notices of the Royal Astronomical Society},
number = {2},
pages = {1554--1574},
title = {{Galaxy Zoo: Probabilistic morphology through Bayesian CNNs and active learning}},
volume = {491},
year = {2020}
}
@article{Cui2020,
author = {Cui, Hengtao and Shen, Junru and Huang, Yuxuan and Shen, Xinrong and So, Chu Wing and Pun, Chun Shing Jason},
issn = {0022-4073},
journal = {Journal of Quantitative Spectroscopy and Radiative Transfer},
pages = {1--11},
title = {{Night sky brightness monitoring network in Wuxi, China}},
year = {2020}
}
@article{Link2008,
author = {Link, William A and Sauer, John R and Niven, Daniel K},
issn = {0022-541X},
journal = {The Journal of Wildlife Management},
number = {1},
pages = {44--51},
publisher = {Wiley Online Library},
title = {{Combining breeding bird survey and Christmas Bird Count data to evaluate seasonal components of population change in northern bobwhite}},
volume = {72},
year = {2008}
}
@article{Dell2014,
author = {Dell, Anthony I and Pawar, Samraat and Savage, Van M},
issn = {0021-8790},
journal = {Journal of Animal Ecology},
number = {1},
pages = {70--84},
title = {{Temperature dependence of trophic interactions are driven by asymmetry of species responses and foraging strategy}},
volume = {83},
year = {2014}
}
@article{Bae2018,
author = {Bae, J Alexander and Mu, Shang and Kim, Jinseop S and Turner, Nicholas L and Tartavull, Ignacio and Kemnitz, Nico and Jordan, Chris S and Norton, Alex D and Silversmith, William M and Prentki, Rachel},
issn = {0092-8674},
journal = {Cell},
number = {5},
pages = {1293--1306},
title = {{Digital museum of retinal ganglion cells with dense anatomy and physiology}},
volume = {173},
year = {2018}
}
@article{Cooper2010,
author = {Cooper, Seth and Khatib, Firas and Treuille, Adrien and Barbero, Janos and Lee, Jeehyung and Beenen, Michael and Leaver-Fay, Andrew and Baker, David and Popovi{\'{c}}, Zoran},
issn = {1476-4687},
journal = {Nature},
number = {7307},
pages = {756--760},
title = {{Predicting protein structures with a multiplayer online game}},
volume = {466},
year = {2010}
}
@article{Hirt2017,
author = {Hirt, Myriam R and Jetz, Walter and Rall, Bj{\"{o}}rn C and Brose, Ulrich},
journal = {Nature Ecology {\&} Evolution},
number = {8},
pages = {1116--1122},
title = {{A general scaling law reveals why the largest animals are not the fastest}},
volume = {1},
year = {2017}
}
@book{Marchal2012,
author = {Marchal, Christian},
isbn = {0444600744},
publisher = {Elsevier},
title = {{The three-body problem}},
year = {2012}
}
@article{Hodgkin1952,
author = {Hodgkin, Alan L and Huxley, Andrew F},
journal = {The Journal of Physiology},
number = {4},
pages = {500},
title = {{A quantitative description of membrane current and its application to conduction and excitation in nerve}},
volume = {117},
year = {1952}
}
@article{Fulcher1976,
author = {Fulcher, Lewis P and Davis, Brian F},
issn = {0002-9505},
journal = {American Journal of Physics},
number = {1},
pages = {51--55},
publisher = {American Association of Physics Teachers},
title = {{Theoretical and experimental study of the motion of the simple pendulum}},
volume = {44},
year = {1976}
}
@article{Christensen2004,
author = {Christensen, Villy and Walters, Carl J},
issn = {0304-3800},
journal = {Ecological modelling},
number = {2-4},
pages = {109--139},
publisher = {Elsevier},
title = {{Ecopath with Ecosim: Methods, capabilities and limitations}},
volume = {172},
year = {2004}
}
@article{Tang2014Correlation,
author = {Tang, Si and Pawar, Samraat and Allesina, Stefano},
issn = {1461-023X},
journal = {Ecology Letters},
number = {9},
pages = {1094--1100},
publisher = {Wiley Online Library},
title = {{Correlation between interaction strengths drives stability in large ecological networks}},
volume = {17},
year = {2014}
}
@book{Egenfeldt-Nielsen2019,
author = {Egenfeldt-Nielsen, Simon and Smith, Jonas Heide and Tosca, Susana Pajares},
isbn = {0429777043},
publisher = {Routledge},
title = {{Understanding video games: The essential introduction}},
year = {2019}
}
@article{Sierpinski1915,
author = {Sierpi{\'{n}}ski, Warclaw},
journal = {Comptes rendus de l'Acad{\'{e}}mie des Sciences},
pages = {302--305},
title = {{Sur une courbe dont tout point est un point de ramification}},
volume = {160},
year = {1915}
}
@article{Ho2019,
author = {Ho, Hsi‐Cheng and Tylianakis, Jason M and Zheng, Jonathan X and Pawar, Samraat},
journal = {Ecology letters},
number = {11},
pages = {1734--1745},
title = {{Predation risk influences food‐web structure by constraining species diet choice}},
volume = {22},
year = {2019}
}
@article{Kaiser2005,
author = {Kaiser, David},
journal = {American Scientist},
number = {2},
pages = {156--165},
title = {{Physics and Feynman's Diagrams}},
volume = {93},
year = {2005}
}
@article{McDiarmid2014,
author = {McDiarmid, Colin and M{\"{u}}ller, Tobias},
journal = {European Journal of Combinatorics},
pages = {413--431},
title = {{The number of disk graphs}},
volume = {35},
year = {2014}
}
@article{Yoghourdjian2018,
author = {Yoghourdjian, Vahan and Dwyer, Tim and Klein, Karsten and Marriott, Kim and Wybrow, Michael},
journal = {IEEE Transactions on Visualization and Computer Graphics},
number = {12},
pages = {3081--3095},
title = {{Graph thumbnails: Identifying and comparing multiple graphs at a glance}},
volume = {24},
year = {2018}
}
@book{Young2014,
author = {Young, David M},
isbn = {1483274136},
publisher = {Elsevier},
title = {{Iterative solution of large linear systems}},
year = {2014}
}
@article{Schaefer2003,
author = {Schaefer, Marcus and Sedgwick, Eric and {\v{S}}tefankovi{\v{c}}, Daniel},
issn = {0022-0000},
journal = {Journal of Computer and System Sciences},
number = {2},
pages = {365--380},
title = {{Recognizing string graphs in NP}},
volume = {67},
year = {2003}
}
@article{Emmerson2004,
author = {Emmerson, Mark and Yearsley, Jon M},
journal = {Proceedings of the Royal Society of London},
number = {1537},
pages = {397--405},
title = {{Weak interactions, omnivory and emergent food-web properties}},
volume = {271},
year = {2004}
}
@article{Williams2004,
author = {Williams, Richard J and Martinez, Neo D},
journal = {The American Naturalist},
number = {3},
pages = {458--468},
title = {{Limits to trophic levels and omnivory in complex food webs: theory and data}},
volume = {163},
year = {2004}
}
@article{Brose2006,
author = {Brose, Ulrich and Williams, Richard J and Martinez, Neo D},
issn = {1461-023X},
journal = {Ecology letters},
number = {11},
pages = {1228--1236},
title = {{Allometric scaling enhances stability in complex food webs}},
volume = {9},
year = {2006}
}
@article{Post2002,
author = {Post, David M},
journal = {Trends in Ecology {\&} Evolution},
number = {6},
pages = {269--277},
title = {{The long and short of food-chain length}},
volume = {17},
year = {2002}
}
@article{Williams2010,
author = {Williams, Richard J and Anandanadesan, Ananthi and Purves, Drew},
issn = {1932-6203},
journal = {PloS one},
number = {8},
pages = {e12092},
title = {{The probabilistic niche model reveals the niche structure and role of body size in a complex food web}},
volume = {5},
year = {2010}
}
@article{Kartascheff2010,
author = {Kartascheff, Boris and Heckmann, Lotta and Drossel, Barbara and Guill, Christian},
issn = {1874-1738},
journal = {Theoretical Ecology},
number = {3},
pages = {195--208},
title = {{Why allometric scaling enhances stability in food web models}},
volume = {3},
year = {2010}
}
@article{Tang2014Reactivity,
author = {Tang, Si and Allesina, Stefano},
journal = {Frontiers in Ecology and Evolution},
pages = {1--8},
title = {{Reactivity and stability of large ecosystems}},
volume = {2},
year = {2014}
}
@article{Holling1973,
author = {Holling, Crawford S},
issn = {0066-4162},
journal = {Annual Review of Ecology, Evolution, and Systematics},
number = {1},
pages = {1--23},
title = {{Resilience and stability of ecological systems}},
volume = {4},
year = {1973}
}
@book{May1973,
author = {May, Robert M},
publisher = {Princeton University Press},
title = {{Stability and complexity in model ecosysytems}},
year = {1973}
}
@article{Rossberg2006,
author = {Rossberg, Axel G and Matsuda, Hiroyuki and Amemiya, Takashi and Itoh, Kiminori},
journal = {Journal of Theoretical Biology},
number = {3},
pages = {552--563},
title = {{Food webs: Experts consuming families of experts}},
volume = {241},
year = {2006}
}
@book{Kaiser2009,
author = {Kaiser, David},
isbn = {0226422658},
publisher = {University of Chicago Press},
title = {{Drawing theories apart: The dispersion of Feynman diagrams in postwar physics}},
year = {2009}
}
@article{Ahnert2014,
author = {Ahnert, Sebastian E},
issn = {2045-2322},
journal = {Scientific Reports},
pages = {4385},
publisher = {Nature Publishing Group},
title = {{Generalised power graph compression reveals dominant relationship patterns in complex networks}},
volume = {4},
year = {2014}
}
@incollection{Press2007Conjugate,
author = {Press, William H and Teukolsky, Saul A and Vetterling, William T and Flannery, Brian P},
booktitle = {Numerical recipes: The art of scientific computing},
edition = {3},
pages = {487--562},
publisher = {Cambridge University Press},
title = {{Minimization or maximization of functions}},
year = {2007}
}
@incollection{Press2007Cholesky,
author = {Press, William H and Teukolsky, Saul A and Vetterling, William T and Flannery, Brian P},
booktitle = {Numerical recipes: The art of scientific computing},
edition = {3},
pages = {37--109},
publisher = {Cambridge University Press},
title = {{Solution of linear algebralc equations}},
year = {2007}
}
@incollection{Bottou2012,
author = {Bottou, L{\'{e}}on},
booktitle = {Neural Networks: Tricks of the Trade},
pages = {421--436},
publisher = {Springer},
title = {{Stochastic gradient descent tricks}},
year = {2012}
}
@article{Bottou1998,
author = {Bottou, L{\'{e}}on},
journal = {On-line Learning in Neural Networks},
number = {9},
pages = {142},
title = {{Online learning and stochastic approximations}},
volume = {17},
year = {1998}
}
@incollection{Goodfellow2016,
author = {Goodfellow, Ian and Bengio, Yoshua and Courville, Aaron},
booktitle = {Deep Learning},
pages = {271--325},
publisher = {MIT Press},
title = {{Optimization for training deep models}},
year = {2016}
}
@article{Bostock2011,
author = {Bostock, Michael and Ogievetsky, Vadim and Heer, Jeffrey},
issn = {1077-2626},
journal = {IEEE Transactions on Visualization and Computer Graphics},
number = {12},
pages = {2301--2309},
title = {{D³ data-driven documents}},
volume = {17},
year = {2011}
}
@inproceedings{Darken1992,
author = {Darken, Christian and Chang, Joseph and Moody, John},
booktitle = {Neural Networks for Signal Processing},
pages = {1--11},
title = {{Learning rate schedules for faster stochastic gradient search}},
volume = {2},
year = {1992}
}
@article{Davis2011,
author = {Davis, Timothy A and Hu, Yifan},
journal = {ACM Transactions on Mathematical Software},
number = {1},
pages = {1--25},
title = {{The University of Florida sparse matrix collection}},
volume = {38},
year = {2011}
}
@inproceedings{Welling2011,
author = {Welling, Max and Teh, Yee W},
booktitle = {The International Conference on Machine Learning},
pages = {681--688},
title = {{Bayesian learning via stochastic gradient Langevin dynamics}},
year = {2011}
}
@inproceedings{Ge2015,
author = {Ge, Rong and Huang, Furong and Jin, Chi and Yuan, Yang},
booktitle = {Conference on Learning Theory},
pages = {797--842},
title = {{Escaping from saddle points—online stochastic gradient for tensor decomposition}},
year = {2015}
}
@article{Robbins1951,
author = {Robbins, Herbert and Monro, Sutton},
issn = {0003-4851},
journal = {The Annals of Mathematical Statistics},
pages = {400--407},
publisher = {JSTOR},
title = {{A stochastic approximation method}},
year = {1951}
}
@article{Ruder2016,
archivePrefix = {arXiv},
arxivId = {1609.04747},
author = {Ruder, Sebastian},
eprint = {1609.04747},
journal = {arXiv preprint},
pages = {1--14},
title = {{An overview of gradient descent optimization algorithms}},
year = {2016}
}
@article{Halko2011,
author = {Halko, Nathan and Martinsson, Per-Gunnar and Tropp, Joel A},
issn = {0036-1445},
journal = {SIAM Review},
number = {2},
pages = {217--288},
publisher = {SIAM},
title = {{Finding structure with randomness: Probabilistic algorithms for constructing approximate matrix decompositions}},
volume = {53},
year = {2011}
}
@article{Gurbuzbalaban2019,
author = {G{\"{u}}rb{\"{u}}zbalaban, Mert and Ozdaglar, Asu and Parrilo, P A},
journal = {Mathematical Programming},
pages = {1--36},
title = {{Why random reshuffling beats stochastic gradient descent}},
year = {2019}
}
@incollection{Cormen2009,
author = {Cormen, Thomas H and Leiserson, Charles E and Rivest, Ronald L and Stein, Clifford},
booktitle = {Introduction to algorithms},
isbn = {0262533057},
pages = {587--768},
publisher = {MIT press},
title = {{Graph algorithms}},
year = {2009}
}
@inproceedings{Ingram2012,
author = {Ingram, Stephen and Munzner, Tamara},
booktitle = {SIGRAD Conference on Interactive Visual Analysis of Data},
pages = {29--38},
title = {{Glint: An MDS framework for costly distance functions}},
year = {2012}
}
@techreport{DeSilva2004,
author = {{De Silva}, Vin and Tenenbaum, Joshua B},
institution = {Stanford University},
pages = {1--41},
title = {{Sparse multidimensional scaling using landmark points}},
year = {2004}
}
@article{Smart2019,
author = {Smart, Stephen and Wu, Keke and Szafir, Danielle Albers},
issn = {1077-2626},
journal = {IEEE Transactions on Visualization and Computer Graphics},
number = {1},
pages = {1215--1225},
title = {{Color Crafting: Automating the Construction of Designer Quality Color Ramps}},
volume = {26},
year = {2019}
}
@misc{Trotman2016,
author = {Trotman, Peter},
booktitle = {GitHub},
title = {{London underground travel time map}},
url = {https://github.com/petertrotman/london-underground-travel-time-map},
urldate = {2017-08-28},
year = {2016}
}
@inproceedings{Sugiyama1994,
author = {Sugiyama, Kozo and Misue, Kazuo},
booktitle = {International Symposium on Graph Drawing},
pages = {364--375},
publisher = {Springer},
title = {{A simple and unified method for drawing graphs: Magnetic-spring algorithm}},
year = {1994}
}
@inproceedings{Mi2016,
author = {Mi, Peng and Sun, Maoyuan and Masiane, Moeti and Cao, Yong and North, Chris},
booktitle = {Informatics},
number = {4},
pages = {1--19},
publisher = {Multidisciplinary Digital Publishing Institute},
title = {{Interactive graph layout of a million nodes}},
volume = {3},
year = {2016}
}
@article{Suh2019,
author = {Suh, Ashley and Hajij, Mustafa and Wang, Bei and Scheidegger, Carlos and Rosen, Paul},
journal = {IEEE Transactions on Visualization and Computer Graphics},
number = {1},
pages = {697--707},
title = {{Persistent homology guided force-directed graph layouts}},
volume = {26},
year = {2019}
}
@article{Royer2008,
author = {Royer, Lo{\"{i}}c and Reimann, Matthias and Andreopoulos, Bill and Schroeder, Michael},
issn = {1553-7358},
journal = {PLoS Computational Biology},
number = {7},
pages = {e1000108},
title = {{Unraveling protein networks with power graph analysis}},
volume = {4},
year = {2008}
}
@article{WardJr1963,
author = {{Ward Jr}, Joe H},
issn = {0162-1459},
journal = {Journal of the American Statistical Association},
number = {301},
pages = {236--244},
title = {{Hierarchical grouping to optimize an objective function}},
volume = {58},
year = {1963}
}
@inproceedings{Habib2004,
author = {Habib, Michel and {De Montgolfier}, Fabien and Paul, Christophe},
booktitle = {Scandinavian Workshop on Algorithm Theory},
pages = {187--198},
publisher = {Springer},
title = {{A simple linear-time modular decomposition algorithm for graphs, using order extension}},
year = {2004}
}
@article{Lusseau2003,
author = {Lusseau, David and Schneider, Karsten and Boisseau, Oliver J and Haase, Patti and Slooten, Elisabeth and Dawson, Steve M},
issn = {0340-5443},
journal = {Behavioral Ecology and Sociobiology},
number = {4},
pages = {396--405},
publisher = {Springer},
title = {{The bottlenose dolphin community of Doubtful Sound features a large proportion of long-lasting associations}},
volume = {54},
year = {2003}
}
@book{Davis2009,
author = {Davis, Allison and Gardner, Burleigh Bradford and Gardner, Mary R},
isbn = {1570038155},
publisher = {Univ of South Carolina Press},
title = {{Deep South: A social anthropological study of caste and class}},
year = {2009}
}
@techreport{Sederberg2005,
author = {Sederberg, Thomas W},
institution = {Brigham Young University},
pages = {1--12},
title = {{An introduction to B-spline curves}},
year = {2005}
}
@article{Newman2006Eigenvectors,
author = {Newman, Mark E J},
journal = {Physical Review E},
number = {3},
pages = {36104},
publisher = {APS},
title = {{Finding community structure in networks using the eigenvectors of matrices}},
volume = {74},
year = {2006}
}
@inproceedings{Dwyer2014,
author = {Dwyer, Tim and Mears, Christopher and Morgan, Kerri and Niven, Todd and Marriott, Kim and Wallace, Mark},
booktitle = {IEEE Pacific Visualization Symposium},
isbn = {1479928747},
pages = {105--112},
publisher = {IEEE},
title = {{Improved optimal and approximate power graph compression for clearer visualisation of dense graphs}},
year = {2014}
}
@article{Breiger1986,
author = {Breiger, Ronald L and Pattison, Philippa E},
issn = {0378-8733},
journal = {Social Networks},
number = {3},
pages = {215--256},
publisher = {Elsevier},
title = {{Cumulated social roles: The duality of persons and their algebras}},
volume = {8},
year = {1986}
}
@book{Cox2000,
author = {Cox, Trevor F and Cox, M A A},
edition = {2},
publisher = {CRC Press},
title = {{Multidimensional scaling}},
year = {2000}
}
@book{Knuth1993,
author = {Knuth, Donald Ervin},
isbn = {0201542757},
publisher = {AcM Press New York},
title = {{The Stanford GraphBase: A platform for combinatorial computing}},
year = {1993}
}
@article{Zachary1977,
author = {Zachary, Wayne W},
issn = {0091-7710},
journal = {Journal of Anthropological Research},
number = {4},
pages = {452--473},
title = {{An information flow model for conflict and fission in small groups}},
volume = {33},
year = {1977}
}
@article{Virtanen2020,
author = {Virtanen, Pauli and Gommers, Ralf and Oliphant, Travis E and Haberland, Matt and Reddy, Tyler and Cournapeau, David and Burovski, Evgeni and Peterson, Pearu and Weckesser, Warren and Bright, Jonathan},
issn = {1548-7105},
journal = {Nature Methods},
number = {3},
pages = {261--272},
title = {{SciPy 1.0: Fundamental algorithms for scientific computing in Python}},
volume = {17},
year = {2020}
}
@article{Archambault2008,
author = {Archambault, Daniel and Munzner, Tamara and Auber, David},
issn = {1077-2626},
journal = {IEEE Transactions on Visualization and Computer Graphics},
number = {4},
pages = {900--913},
title = {{GrouseFlocks: Steerable exploration of graph hierarchy space}},
volume = {14},
year = {2008}
}
@inproceedings{Vogogias2016,
author = {Vogogias, Athanasios and Kennedy, Jessie and Archaumbault, Daniel and Smith, Victoria Anne and Currant, Hannah},
booktitle = {Computer Graphics and Visual Computing Conference},
isbn = {3038680222},
pages = {1--8},
title = {{MLCut: Exploring multi-level cuts in dendrograms for biological data}},
year = {2016}
}
@article{Girvan2002,
author = {Girvan, Michelle and Newman, Mark E J},
issn = {0027-8424},
journal = {Proceedings of the National Academy of Sciences},
number = {12},
pages = {7821--7826},
publisher = {National Acad Sciences},
title = {{Community structure in social and biological networks}},
volume = {99},
year = {2002}
}
@article{Traud2012,
author = {Traud, Amanda L and Mucha, Peter J and Porter, Mason A},
issn = {0378-4371},
journal = {Physica A: Statistical Mechanics and its Applications},
number = {16},
pages = {4165--4180},
publisher = {Elsevier},
title = {{Social structure of Facebook networks}},
volume = {391},
year = {2012}
}
@article{Lancichinetti2008,
author = {Lancichinetti, Andrea and Fortunato, Santo and Radicchi, Filippo},
journal = {Physical Review E},
number = {4},
pages = {46110},
publisher = {APS},
title = {{Benchmark graphs for testing community detection algorithms}},
volume = {78},
year = {2008}
}
@inproceedings{Zheng2018,
author = {Zheng, J X and Pawar, S and Goodman, D F M},
booktitle = {International Symposium on Graph Drawing},
pages = {640--642},
publisher = {Springer},
title = {{Confluent* drawings by hierarchical clustering}},
year = {2018}
}
@article{Kullback1951,
author = {Kullback, Solomon and Leibler, Richard A},
issn = {0003-4851},
journal = {The Annals of Mathematical Statistics},
number = {1},
pages = {79--86},
title = {{On information and sufficiency}},
volume = {22},
year = {1951}
}
@article{Page1999,
author = {Page, Lawrence and Brin, Sergey and Motwani, Rajeev and Winograd, Terry},
journal = {Computer Networks and ISDN Systems},
pages = {107--117},
title = {{The anatomy of a large-scale hypertextual Web search engine}},
volume = {30},
year = {1999}
}
@article{Brandes2001Centrality,
author = {Brandes, Ulrik},
issn = {0022-250X},
journal = {Journal of Mathematical Sociology},
number = {2},
pages = {163--177},
publisher = {Taylor {\&} Francis},
title = {{A faster algorithm for betweenness centrality}},
volume = {25},
year = {2001}
}
@article{Sibson1973,
author = {Sibson, Robin},
issn = {1460-2067},
journal = {The Computer Journal},
number = {1},
pages = {30--34},
publisher = {Oxford University Press},
title = {{SLINK: An optimally efficient algorithm for the single-link cluster method}},
volume = {16},
year = {1973}
}
@article{Michener1957,
author = {Michener, Charles D and Sokal, Robert R},
issn = {0014-3820},
journal = {Evolution},
keywords = {upgma},
mendeley-tags = {upgma},
number = {2},
pages = {130--162},
publisher = {Wiley Online Library},
title = {{A quantitative approach to a problem in classification}},
volume = {11},
year = {1957}
}
@incollection{Friedman2001Nearest,
author = {Friedman, Jerome and Hastie, Trevor and Tibshirani, Robert},
booktitle = {The elements of statistical learning},
pages = {459--484},
publisher = {Springer series in statistics New York},
title = {{Prototype methods and nearest-neighbors}},
year = {2001}
}
@article{Defays1977,
author = {Defays, Daniel},
issn = {1460-2067},
journal = {The Computer Journal},
number = {4},
pages = {364--366},
publisher = {Oxford University Press},
title = {{An efficient algorithm for a complete link method}},
volume = {20},
year = {1977}
}
@article{Arjovsky2017,
archivePrefix = {arXiv},
arxivId = {1701.07875},
author = {Arjovsky, Martin and Chintala, Soumith and Bottou, L{\'{e}}on},
eprint = {1701.07875},
journal = {arXiv preprint},
title = {{Wasserstein gan}},
year = {2017}
}
@article{Ramdas2017,
author = {Ramdas, Aaditya and Trillos, Nicol{\'{a}}s Garc{\'{i}}a and Cuturi, Marco},
journal = {Entropy},
number = {2},
pages = {47},
title = {{On Wasserstein two-sample testing and related families of nonparametric tests}},
volume = {19},
year = {2017}
}
@incollection{Sneath1973,
author = {Sneath, Peter H A and Sokal, Robert R},
booktitle = {Numerical taxonomy: The principles and practice of numerical classification.},
isbn = {0716706970},
pages = {188--308},
title = {{Taxonomic structure}},
year = {1973}
}
@incollection{Clarkson2006,
author = {Clarkson, Kenneth L},
booktitle = {Nearest-neighbor Methods for Learning and Vision: Theory and Practice},
pages = {15--59},
title = {{Nearest-neighbor searching and metric space dimensions}},
year = {2006}
}
@incollection{Villani2003,
author = {Villani, C{\'{e}}dric},
booktitle = {Topics in Optimal Transportation},
isbn = {082183312X},
pages = {205--236},
title = {{The metric side of optimal transportation}},
year = {2003}
}
@inproceedings{Goodfellow2014,
author = {Goodfellow, Ian and Pouget-Abadie, Jean and Mirza, Mehdi and Xu, Bing and Warde-Farley, David and Ozair, Sherjil and Courville, Aaron and Bengio, Yoshua},
booktitle = {Advances in Neural Information Processing Systems},
pages = {2672--2680},
title = {{Generative adversarial nets}},
year = {2014}
}
@inproceedings{Lamrous2006,
author = {Lamrous, Sid and Taileb, Mounira},
booktitle = {International Conference on Computational Inteligence for Modelling Control and Automation},
isbn = {0769527310},
pages = {1--6},
title = {{Divisive hierarchical k-means}},
year = {2006}
}
@article{Roux2018,
author = {Roux, Maurice},
issn = {0176-4268},
journal = {Journal of Classification},
number = {2},
pages = {345--366},
title = {{A comparative study of divisive and agglomerative hierarchical clustering algorithms}},
volume = {35},
year = {2018}
}
@article{Newman2004,
author = {Newman, Mark E J and Girvan, Michelle},
journal = {Physical Review E},
number = {2},
pages = {26113},
publisher = {APS},
title = {{Finding and evaluating community structure in networks}},
volume = {69},
year = {2004}
}
@article{Blondel2008,
author = {Blondel, Vincent D and Guillaume, Jean-Loup and Lambiotte, Renaud and Lefebvre, Etienne},
issn = {1742-5468},
journal = {Journal of Statistical Mechanics: Theory and Experiment},
number = {10},
pages = {P10008},
title = {{Fast unfolding of communities in large networks}},
volume = {2008},
year = {2008}
}
@article{Newman2006Modularity,
author = {Newman, Mark E J},
issn = {0027-8424},
journal = {Proceedings of the National Academy of Sciences},
number = {23},
pages = {8577--8582},
publisher = {National Acad Sciences},
title = {{Modularity and community structure in networks}},
volume = {103},
year = {2006}
}
@inproceedings{Perozzi2014,
author = {Perozzi, Bryan and Al-Rfou, Rami and Skiena, Steven},
booktitle = {SIGKDD Conference on Knowledge Discovery and Data Mining},
pages = {701--710},
title = {{Deepwalk: Online learning of social representations}},
year = {2014}
}
@article{Fortunato2016,
author = {Fortunato, Santo and Hric, Darko},
issn = {0370-1573},
journal = {Physics Reports},
pages = {1--44},
publisher = {Elsevier},
title = {{Community detection in networks: A user guide}},
volume = {659},
year = {2016}
}
@article{Kipf2016,
archivePrefix = {arXiv},
arxivId = {1609.02907},
author = {Kipf, Thomas N and Welling, Max},
eprint = {1609.02907},
journal = {arXiv preprint},
pages = {1--14},
title = {{Semi-supervised classification with graph convolutional networks}},
year = {2016}
}
@article{Wu2020,
author = {Wu, Zonghan and Pan, Shirui and Chen, Fengwen and Long, Guodong and Zhang, Chengqi and Philip, S Yu},
issn = {2162-237X},
journal = {IEEE Transactions on Neural Networks and Learning Systems},
pages = {1--21},
title = {{A comprehensive survey on graph neural networks}},
year = {2020}
}
@article{Pons2006,
author = {Pons, Pascal and Latapy, Matthieu},
file = {:Users/jz/Downloads/Pons-Latapy2005{\_}Chapter{\_}ComputingCommunitiesInLargeNet.pdf:pdf},
journal = {Journal of Graph Algorithms and Applications},
number = {2},
pages = {191--218},
title = {{Computing communities in large networks using random walks}},
volume = {10},
year = {2006}
}
@article{Brandes2007Modularity,
author = {Brandes, Ulrik and Delling, Daniel and Gaertler, Marco and Gorke, Robert and Hoefer, Martin and Nikoloski, Zoran and Wagner, Dorothea},
issn = {1041-4347},
journal = {IEEE Transactions on Knowledge and Data Engineering},
number = {2},
pages = {172--188},
title = {{On modularity clustering}},
volume = {20},
year = {2007}
}
@article{Bar-Joseph2001,
author = {Bar-Joseph, Z and Gifford, D K and Jaakkola, T S},
file = {:Users/jz/Downloads/17S022.pdf:pdf},
issn = {1367-4803},
journal = {Bioinformatics},
number = {suppl{\_}1},
pages = {S22--S29},
title = {{Fast optimal leaf ordering for hierarchical clustering}},
volume = {17},
year = {2001}
}
@article{Enright2002,
author = {Enright, Anton J and {Van Dongen}, Stijn and Ouzounis, Christos A},
issn = {1362-4962},
journal = {Nucleic Acids Research},
number = {7},
pages = {1575--1584},
publisher = {Oxford University Press},
title = {{An efficient algorithm for large-scale detection of protein families}},
volume = {30},
year = {2002}
}
@article{Evans2009,
author = {Evans, T S and Lambiotte, Renaud},
journal = {Physical Review E},
number = {1},
pages = {016105},
publisher = {APS},
title = {{Line graphs, link partitions, and overlapping communities}},
volume = {80},
year = {2009}
}
@article{Reichardt2007,
author = {Reichardt, J{\"{o}}rg and White, Douglas R},
issn = {1434-6028},
journal = {The European Physical Journal B},
number = {2},
pages = {217--224},
publisher = {Springer},
title = {{Role models for complex networks}},
volume = {60},
year = {2007}
}
@article{Hastings2006,
author = {Hastings, Matthew B},
journal = {Physical Review E},
number = {3},
pages = {35102},
publisher = {APS},
title = {{Community detection as an inference problem}},
volume = {74},
year = {2006}
}
@inproceedings{Albano2012,
author = {Albano, James A and Messinger, David W},
booktitle = {Algorithms and Technologies for Multispectral, Hyperspectral, and Ultraspectral Imagery},
file = {:Users/jz/Downloads/83902G.pdf:pdf},
pages = {83902G},
title = {{Euclidean commute time distance embedding and its application to spectral anomaly detection}},
volume = {8390},
year = {2012}
}
@article{Qiu2007,
author = {Qiu, Huaijun and Hancock, Edwin R},
issn = {0162-8828},
journal = {IEEE Transactions on Pattern Analysis and Machine Intelligence},
number = {11},
pages = {1873--1890},
title = {{Clustering and embedding using commute times}},
volume = {29},
year = {2007}
}
@article{Evans2010,
author = {Evans, Tim S},
issn = {1742-5468},
journal = {Journal of Statistical Mechanics: Theory and Experiment},
keywords = {football graph correct citation},
mendeley-tags = {football graph correct citation},
pages = {P12037},
title = {{Clique graphs and overlapping communities}},
volume = {2010},
year = {2010}
}
@inproceedings{Ghoniem2004,
author = {Ghoniem, Mohammad and Fekete, J-D and Castagliola, Philippe},
booktitle = {IEEE Symposium on Information Visualization},
pages = {17--24},
title = {{A comparison of the readability of graphs using node-link and matrix-based representations}},
year = {2004}
}
@book{Minard1862,
author = {Minard, Charles Joseph},
booktitle = {Biblioth{\`{e}}que de l'{\'{E}}cole Nationale des Chartes},
pages = {1--24},
title = {{Des tableaux graphiques et des cartes figuratives}},
year = {1862}
}
@article{Schmidt2008,
author = {Schmidt, Mario},
issn = {1088-1980},
journal = {Journal of Industrial Ecology},
number = {2},
pages = {173--185},
publisher = {Wiley Online Library},
title = {{The Sankey diagram in energy and material flow management}},
volume = {12},
year = {2008}
}
@inproceedings{Argyriou2010,
author = {Argyriou, Evmorfia N and Bekos, Michael A and Symvonis, Antonios},
booktitle = {International Symposium on Graph Drawing},
pages = {62--67},
publisher = {Springer},
title = {{Maximizing the total resolution of graphs}},
year = {2010}
}
@inproceedings{Telea2018,
author = {Telea, Alexandru},
booktitle = {International Symposium on Graph Drawing},
doi = {10.1007/978-3-030-04414-5},
file = {:Users/jz/Downloads/Telea2018{\_}Chapter{\_}Image-BasedGraphVisualizationA.pdf:pdf},
isbn = {978-3-030-04413-8},
pages = {3--19},
publisher = {Springer},
title = {{Image-based graph visualization: Advances and challenges}},
url = {https://doi.org/10.1007/978-3-030-04414-5},
year = {2018}
}
@inproceedings{Sankey1896,
author = {Sankey, Henry Riall},
booktitle = {Minutes of the Proceedings of the Institution of Civil Engineers},
number = {1896},
pages = {182--212},
title = {{The thermal efficiency of steam engines}},
volume = {125},
year = {1896}
}
@article{Hurter2012,
author = {Hurter, Christophe and Ersoy, Ozan and Telea, Alexandru},
journal = {Computer Graphics Forum},
number = {3pt1},
pages = {865--874},
title = {{Graph bundling by kernel density estimation}},
volume = {31},
year = {2012}
}
@article{Kruskal1964Optimizing,
author = {Kruskal, Joseph B},
issn = {0033-3123},
journal = {Psychometrika},
number = {1},
pages = {1--27},
title = {{Multidimensional scaling by optimizing goodness of fit to a nonmetric hypothesis}},
volume = {29},
year = {1964}
}
@incollection{Friedman2001Local,
author = {Friedman, Jerome and Hastie, Trevor and Tibshirani, Robert},
booktitle = {The elements of statistical learning},
pages = {22--27},
publisher = {Springer series in statistics New York},
title = {{Local methods in high dimensions}},
year = {2001}
}
@article{Kruskal1964Numerical,
author = {Kruskal, Joseph B},
issn = {0033-3123},
journal = {Psychometrika},
number = {2},
pages = {115--129},
title = {{Nonmetric multidimensional scaling: A numerical method}},
volume = {29},
year = {1964}
}
@article{DeLeeuw1988,
author = {{De Leeuw}, Jan},
issn = {0176-4268},
journal = {Journal of Classification},
number = {2},
pages = {163--180},
title = {{Convergence of the majorization method for multidimensional scaling}},
volume = {5},
year = {1988}
}
@article{Kant1996,
author = {Kant, Goos},
issn = {0178-4617},
journal = {Algorithmica},
number = {1},
pages = {4--32},
publisher = {Springer},
title = {{Drawing planar graphs using the canonical ordering}},
volume = {16},
year = {1996}
}
@inproceedings{Purchase1997,
author = {Purchase, Helen},
booktitle = {International Symposium on Graph Drawing},
pages = {248--261},
publisher = {Springer},
title = {{Which aesthetic has the greatest effect on human understanding?}},
year = {1997}
}
@article{Tutte1963,
author = {Tutte, William Thomas},
issn = {0024-6115},
journal = {Proceedings of the London Mathematical Society},
number = {1},
pages = {743--767},
publisher = {Wiley Online Library},
title = {{How to draw a graph}},
volume = {3},
year = {1963}
}
@incollection{Coulomb1785,
author = {de Coulomb, Charles-Augustin},
booktitle = {Histoire de l'Acad{\'{e}}mie Royale des Sciences},
pages = {569--577},
publisher = {Paris},
title = {{Premier memoire sur l'{\'{e}}lectricit{\'{e}} et le magn{\'{e}}tisme}},
year = {1785}
}
@article{Cauchy1847,
author = {Cauchy, Augustin},
journal = {Comp. Rend. Sci. Paris},
number = {1847},
pages = {536--538},
title = {{M{\'{e}}thode g{\'{e}}n{\'{e}}rale pour la r{\'{e}}solution des systemes d'{\'{e}}quations simultan{\'{e}}es}},
volume = {25},
year = {1847}
}
@article{Pearson1901,
author = {Pearson, Karl},
issn = {1941-5982},
journal = {Philosophical Magazine},
number = {11},
pages = {559--572},
publisher = {Taylor {\&} Francis},
title = {{On lines and planes of closest fit to systems of points in space}},
volume = {2},
year = {1901}
}
@article{Zhang2005,
author = {Zhang, Huaming and He, Xin},
issn = {0179-5376},
journal = {Discrete {\&} Computational Geometry},
number = {2},
pages = {321--344},
publisher = {Springer},
title = {{Canonical ordering trees and their applications in graph drawing}},
volume = {33},
year = {2005}
}
@article{Hall1970,
author = {Hall, Kenneth M},
issn = {0025-1909},
journal = {Management Science},
number = {3},
pages = {219--229},
publisher = {INFORMS},
title = {{An r-dimensional quadratic placement algorithm}},
volume = {17},
year = {1970}
}
@article{Eades1984,
author = {Eades, Peter},
journal = {Congressus numerantium},
pages = {149--160},
title = {{A heuristic for graph drawing}},
volume = {42},
year = {1984}
}
@book{Hooke1678,
author = {Hooke, Robert},
booktitle = {Lectures de Potentia Restitutiva},
pages = {1--56},
title = {{Explaining the power of springing bodies}},
year = {1678}
}
@article{Quinn1979,
author = {Quinn, N and Breuer, M},
issn = {0098-4094},
journal = {IEEE Transactions on Circuits and Systems},
number = {6},
pages = {377--388},
title = {{A forced directed component placement procedure for printed circuit boards}},
volume = {26},
year = {1979}
}
@article{Chrobak1995,
author = {Chrobak, Marek and Payne, Thomas H},
issn = {0020-0190},
journal = {Information Processing Letters},
number = {4},
pages = {241--246},
title = {{A linear-time algorithm for drawing a planar graph on a grid}},
volume = {54},
year = {1995}
}
@article{DeFraysseix1990,
author = {{De Fraysseix}, Hubert and Pach, J{\'{a}}nos and Pollack, Richard},
issn = {0209-9683},
journal = {Combinatorica},
number = {1},
pages = {41--51},
publisher = {Springer},
title = {{How to draw a planar graph on a grid}},
volume = {10},
year = {1990}
}
@article{Read1987,
author = {Read, Ronald Cedric},
journal = {Congressus Numerantium},
pages = {31--44},
title = {{A new method for drawing a planar graph given the cyclic order of the edges at each vertex}},
volume = {56},
year = {1987}
}
@article{Stein1951,
author = {Stein, Sherman K},
doi = {10.1090/s0002-9939-1951-0041425-5},
issn = {0002-9939},
journal = {Proceedings of the American Mathematical Society},
number = {3},
pages = {464--466},
publisher = {American Mathematical Society (AMS)},
title = {{Convex maps}},
volume = {2},
year = {1951}
}
@article{Koebe1936,
author = {Koebe, Paul},
journal = {Ber. S{\"{a}}chs. Akad. Wiss. Leipzig},
pages = {141--164},
title = {{Kontaktprobleme der konformen abbildung}},
url = {https://books.google.co.uk/books/about/Kontaktprobleme{\_}der{\_}konformen{\_}Abbildung.html?id=ie9XGwAACAAJ{\&}redir{\_}esc=y},
volume = {88},
year = {1936}
}
@article{Wagner1936,
author = {Wagner, Klaus},
journal = {Jber. Deutsches Mathematiks Verein},
pages = {26--32},
title = {{Bemerkungen zum vierfarbenproblem}},
url = {https://ci.nii.ac.jp/naid/10024066785/},
volume = {46},
year = {1936}
}
@article{Steinitz1922,
author = {Steinitz, Ernst},
doi = {10.1007/3-540-44634-6_3},
isbn = {3540424237},
issn = {16113349},
journal = {Encyclop{\"{a}}die der Mathematischen Wissenschaften},
pages = {1--139},
title = {{Polyeder und raumeinteilungen}},
volume = {3},
year = {1922}
}
@article{Fary1948,
author = {F{\'{a}}ry, Istv{\'{a}}n},
file = {::},
journal = {Acta Sci. Math. (Szeged)},
pages = {229--233},
title = {{On straight line representation of planar graphs}},
volume = {11},
year = {1948}
}
@article{Porter2018,
author = {Porter, Michael M and Niksiar, Pooya},
doi = {10.1371/journal.pone.0204309},
file = {::},
issn = {19326203},
journal = {PLoS ONE},
number = {9},
pages = {e0204309},
title = {{Multidimensional mechanics: Performance mapping of natural biological systems using permutated radar charts}},
volume = {13},
year = {2018}
}
@article{Krzywinski2012,
author = {Krzywinski, Martin and Birol, Inanc and Jones, Steven J M and Marra, Marco A},
doi = {10.1093/bib/bbr069},
issn = {14675463},
journal = {Briefings in Bioinformatics},
keywords = {Bioinformatics,Computation,Graphs,Networks,Systems biology,Visualization},
number = {5},
pages = {627--644},
title = {{Hive plots—rational approach to visualizing networks}},
volume = {13},
year = {2012}
}
@inproceedings{Johnson1991,
author = {Johnson, Brian and Shneiderman, Ben},
booktitle = {IEEE Conference on Visualization},
doi = {10.1109/visual.1991.175815},
file = {:Users/jz/Downloads/949607.949654.pdf:pdf},
isbn = {0818622458},
pages = {284--291},
title = {{Tree-maps: A space-filling approach to the visualization of hierarchical information structures}},
year = {1991}
}
@inproceedings{Wang2006,
address = {New York, New York, USA},
author = {Wang, Weixin and Wang, Hui and Dai, Guozhong and Wang, Hongan},
booktitle = {SIGCHI Conference on Human Factors in Computing Systems},
doi = {10.1145/1124772.1124851},
isbn = {1595931783},
keywords = {Circle packing,File system,Nested circles,Tree visualization},
pages = {517--520},
publisher = {ACM Press},
title = {{Visualization of large hierarchical data by circle packing}},
url = {http://portal.acm.org/citation.cfm?doid=1124772.1124851},
year = {2006}
}
@incollection{Brandes2001Physical,
author = {Brandes, Ulrik},
booktitle = {Drawing Graphs: Methods and Models},
doi = {10.1007/3-540-44969-8_4},
file = {:Users/jz/Downloads/Brandes2001{\_}Chapter{\_}DrawingOnPhysicalAnalogies.pdf:pdf},
pages = {71--86},
title = {{Drawing on physical analogies}},
year = {2001}
}
@incollection{Eades2012,
author = {Eades, Peter and Hong, Seok-hee},
booktitle = {Expanding the Frontiers of Visual Analytics and Visualization},
doi = {10.1007/978-1-4471-2804-5},
file = {:Users/jz/Downloads/Eades-Hong2012{\_}Chapter{\_}HowToDrawAGraphRevisited.pdf:pdf},
isbn = {9781447128045},
pages = {111--126},
title = {{How to draw a graph, revisited}},
year = {2012}
}
@inproceedings{Koren2003,
author = {Koren, Yehuda},
booktitle = {International Computing and Combinatorics Conference},
file = {:Users/jz/Downloads/koren spectral.pdf:pdf},
pages = {496--508},
title = {{On spectral graph drawing}},
year = {2003}
}
@article{Traag2019,
author = {Traag, V. A. and Waltman, L. and van Eck, N. J.},
doi = {10.1038/s41598-019-41695-z},
journal = {Scientific Reports},
number = {5233},
pages = {1--12},
title = {{From Louvain to Leiden: Guaranteeing well-connected communities}},
volume = {9},
year = {2019}
}
@article{Rosvall2008,
author = {Rosvall, Martin and Bergstrom, Carl T.},
doi = {10.1073/pnas.0706851105},
file = {:Users/jz/Downloads/1118.full.pdf:pdf},
issn = {10916490},
journal = {Proceedings of the National Academy of Sciences},
number = {4},
pages = {1118--1123},
pmid = {18216267},
title = {{Maps of random walks on complex networks reveal community structure}},
volume = {105},
year = {2008}
}
@article{Zheng2019Power,
author = {Zheng, J X and Pawar, S and Goodman, D F M},
doi = {10.1109/tvcg.2019.2944619},
issn = {1077-2626},
journal = {IEEE Transactions on Visualization and Computer Graphics},
title = {{Further towards unambiguous edge bundling: Investigating power-confluent drawings for network visualization}},
year = {2019}
}
@article{Dougoud2018,
author = {Dougoud, Micha{\"{e}}l and Vinckenbosch, Laura and Rohr, Rudolf P. and Bersier, Louis F{\'{e}}lix and Mazza, Christian},
doi = {10.1371/journal.pcbi.1005988},
journal = {PLoS Computational Biology},
number = {2},
pages = {1--18},
title = {{The feasibility of equilibria in large ecosystems: A primary but neglected concept in the complexity-stability debate}},
volume = {14},
year = {2018}
}
@article{Barabas2017,
author = {Barab{\'{a}}s, Gy{\"{o}}rgy and Michalska-Smith, Matthew J. and Allesina, Stefano},
journal = {Nature Ecology {\&} Evolutionion},
number = {12},
pages = {1870--1875},
title = {{Self-regulation and the stability of large ecological networks}},
volume = {1},
year = {2017}
}
@article{Eppstein2007,
author = {Eppstein, David and Goodrich, Michael T. and Meng, Jeremy Yu},
journal = {Algorithmica},
keywords = {Confluent drawing,Cross reduction,Graph drawing,Layered drawing},
number = {4},
pages = {439--452},
title = {{Confluent layered drawings}},
volume = {47},
year = {2007}
}
@article{LeCun2017,
author = {LeCun, Yann and Bronstein, Michael M. and Szlam, Arthur and Vandergheynst, Pierre and Bruna, Joan},
doi = {10.1109/msp.2017.2693418},
issn = {1053-5888},
journal = {IEEE Signal Processing Magazine},
number = {4},
pages = {18--42},
title = {{Geometric deep learning: Going beyond Euclidean data}},
volume = {34},
year = {2017}
}
@inproceedings{Eppstein2013,
author = {Eppstein, David and Holten, Danny and L{\"{o}}ffler, Maarten and N{\"{o}}llenburg, Martin and Speckmann, Bettina and Verbeek, Kevin},
booktitle = {International Symposium on Graph Drawing},
doi = {10.1007/978-3-319-03841-4-31},
isbn = {9783319038407},
issn = {03029743},
number = {1},
pages = {352--363},
publisher = {Springer},
title = {{Strict confluent drawing}},
year = {2013}
}
@inproceedings{Eppstein2005,
author = {Eppstein, David and Goodrich, Michael T and Meng, Jeremy Yu},
booktitle = {International Symposium on Graph Drawing},
pages = {165--176},
publisher = {Springer},
title = {{Delta-confluent drawings}},
year = {2005}
}
@inproceedings{Yen2005,
author = {Yen, Luh and Vanvyve, Denis and Wouters, Fabien and Saerens, Marco},
booktitle = {European Symposium on Artificial Neural Networks},
isbn = {2930307056},
pages = {27--29},
title = {{Clustering using a random walk based distance measure}},
year = {2005}
}
@article{Zheng2019Stochastic,
author = {Zheng, J X and Pawar, S and Goodman, D F M},
doi = {10.1109/TVCG.2018.2859997},
issn = {19410506},
journal = {IEEE Transactions on Visualization and Computer Graphics},
number = {9},
pages = {2738--2748},
title = {{Graph drawing by stochastic gradient descent}},
volume = {25},
year = {2019}
}
@article{Battaglia2018,
archivePrefix = {arXiv},
arxivId = {1806.01261},
author = {Battaglia, Peter W. and Hamrick, Jessica B. and Bapst, Victor and Sanchez-Gonzalez, Alvaro and Zambaldi, Vinicius and Malinowski, Mateusz and Tacchetti, Andrea and Raposo, David and Santoro, Adam and Faulkner, Ryan and Gulcehre, Caglar and Song, Francis and Ballard, Andrew and Gilmer, Justin and Dahl, George and Vaswani, Ashish and Allen, Kelsey and Nash, Charles and Langston, Victoria and Dyer, Chris and Heess, Nicolas and Wierstra, Daan and Kohli, Pushmeet and Botvinick, Matt and Vinyals, Oriol and Li, Yujia and Pascanu, Razvan},
doi = {10.1017/S0031182005008516},
eprint = {1806.01261},
journal = {arXiv preprint},
pages = {1--40},
title = {{Relational inductive biases, deep learning, and graph networks}},
url = {http://arxiv.org/abs/1806.01261},
year = {2018}
}
@article{Harel2004,
author = {Harel, David and Koren, Yehuda},
journal = {Journal of Graph Algorithms and Applications},
number = {2},
pages = {195--214},
title = {{Graph drawing by high-dimensional Embedding}},
volume = {8},
year = {2004}
}
@inproceedings{Frick1995,
author = {Frick, Arne and Ludwig, Andreas and Mehldau, Heiko},
booktitle = {International Symposium on Graph Drawing},
doi = {10.1007/3-540-58950-3_393},
isbn = {3540589503},
issn = {16113349},
pages = {388--403},
title = {{A fast adaptive layout algorithm for undirected graphs}},
year = {1995}
}
@article{Jia2011,
author = {Jia, Yuntao and Garland, Michael and Hart, John C.},
doi = {10.1111/j.1467-8659.2011.02037.x},
file = {:Users/jz/Downloads/jia{\_}edge{\_}bundles.pdf:pdf},
journal = {Computer Graphics Forum},
keywords = {Betweenness centrality,Edge bundles,Network clustering,Visualization},
number = {8},
pages = {2314--2327},
title = {{Social network clustering and visualization using hierarchical edge bundles}},
volume = {30},
year = {2011}
}
@article{Dickerson2005,
author = {Dickerson, Matthew and Eppstein, David and Goodrich, Michael T. and Meng, Jeremy},
doi = {10.7155/jgaa.00099},
file = {::},
journal = {Journal of Graph Algorithms and Applications},
keywords = {Computational Geometry,Software Engineering},
number = {1},
pages = {31},
title = {{Confluent drawings: Visualizing non-planar diagrams in a planar way}},
url = {http://arxiv.org/abs/cs/0212046},
volume = {9},
year = {2005}
}
@article{Ortmann2017,
author = {Ortmann, Mark and Klimenta, Mirza and Brandes, Ulrik},
doi = {10.7155/jgaa.00440},
file = {:Users/jz/Library/Application Support/Mendeley Desktop/Downloaded/Ortmann, Klimenta, Brandes - 2017 - A Sparse Stress Model.pdf:pdf},
journal = {Journal of Graph Algorithms and Applications},
number = {5},
pages = {791--821},
title = {{A sparse stress model}},
url = {http://jgaa.info/getPaper?id=440},
volume = {21},
year = {2017}
}
@article{Lhuillier2017,
author = {Lhuillier, A. and Hurter, C. and Telea, A.},
doi = {10.1111/cgf.13213},
file = {::},
issn = {14678659},
journal = {Computer Graphics Forum},
number = {3},
pages = {619--645},
title = {{State of the art in edge and trail bundling techniques}},
volume = {36},
year = {2017}
}
@article{Nocaj2015,
author = {Nocaj, Arlind and Ortmann, Mark and Brandes, Ulrik},
doi = {10.7155/jgaa.00370},
file = {:Users/jz/Library/Application Support/Mendeley Desktop/Downloaded/Nocaj, Ortmann, Brandes - 2015 - Untangling the Hairballs of Multi-Centered, Small-World Online Social Media Networks.pdf:pdf},
issn = {1526-1719},
journal = {Journal of Graph Algorithms and Applications},
number = {2},
pages = {595--618},
title = {{Untangling the hairballs of multi-centered, small-world online social media networks}},
url = {http://jgaa.info/getPaper?id=370},
volume = {19},
year = {2015}
}
@article{Savage2004,
author = {Savage, Author Van M and Gillooly, James F and Brown, James H and West, Geoffrey B and Charnov, Eric L and Savage, Van M},
file = {::},
journal = {The American Naturalist},
number = {3},
pages = {429--441},
title = {{Effects of body size and temperature on population growth}},
volume = {163},
year = {2004}
}
@article{Vucic-Pestic2010,
author = {Vucic-Pestic, Olivera and Rall, Bj{\"{o}}rn C. and Kalinkat, Gregor and Brose, Ulrich},
file = {::},
journal = {Journal of Animal Ecology},
number = {1},
pages = {249--256},
title = {{Allometric functional response model: Body masses constrain interaction strengths}},
volume = {79},
year = {2010}
}
@inproceedings{Hachul2004,
author = {Hachul, Stefan and Junger, Michael},
booktitle = {International Symposium on Graph Drawing},
doi = {10.7155/jgaa.00150},
file = {:Users/jz/Library/Application Support/Mendeley Desktop/Downloaded/Hachul, Junger - 2005 - Large-Graph Layout with the Fast Multipole Multilevel Method.pdf:pdf},
issn = {15261719},
pages = {285--295},
publisher = {Springer},
title = {{Drawing large graphs with a potential-field-based multilevel algorithm}},
year = {2004}
}
@article{Wang2012,
author = {Wang, YongXian and Wang, ZhengHua},
doi = {10.1007/s11432-011-4208-9},
file = {::},
journal = {Science China Information Sciences},
number = {3},
pages = {677--688},
title = {{A fast successive over-relaxation algorithm for force-directed network graph drawing}},
volume = {55},
year = {2012}
}
@article{Gansner2013,
author = {Gansner, Emden R. and {Yifan Hu} and North, Stephen},
doi = {10.1109/TVCG.2012.299},
file = {::},
isbn = {9781467308649},
issn = {1077-2626},
journal = {IEEE Transactions on Visualization and Computer Graphics},
number = {6},
pages = {927--940},
pmid = {23559507},
title = {{A maxent-stress model for graph layout}},
url = {http://ieeexplore.ieee.org/document/6329372/},
volume = {19},
year = {2013}
}
@article{Cattin2004,
author = {Cattin, Marie-France and Bersier, Louis-F{\'{e}}lix and Bana{\v{s}}ek-Richter, Carolin and Baltensperger, Richard and Gabriel, Jean-Pierre},
doi = {10.1038/nature02327},
file = {::},
journal = {Nature},
number = {6977},
pages = {835--839},
title = {{Phylogenetic constraints and adaptation explain food-web structure}},
volume = {427},
year = {2004}
}
@article{West1997,
author = {West, Geoffrey B and Brown, James H and Enquist, Brian J},
doi = {10.1126/science.276.5309.122},
file = {:Users/jz/Library/Application Support/Mendeley Desktop/Downloaded/West, Brown, Enquist - 2013 - A General Model for the Origin of Allometric Scaling Laws in Biology A General Model for the Origin of All.pdf:pdf},
journal = {Science},
number = {5309},
pages = {122--126},
title = {{A General Model for the Origin of Allometric Scaling Laws in Biology A General Model for the Origin of Allometric Scaling Laws in Biology}},
volume = {276},
year = {1997}
}
@article{Brown2004,
author = {Brown, J H and Gillooly, J F and Allen, A P and Savage, V M and West, G B},
file = {:Users/jz/Library/Application Support/Mendeley Desktop/Downloaded/Brown et al. - 2004 - Toward a metabolic theory of ecology.pdf:pdf},
journal = {Ecology},
number = {7},
pages = {1771--1789},
title = {{Toward a metabolic theory of ecology}},
volume = {85},
year = {2004}
}
@inproceedings{Brandes2007Eigensolver,
address = {Berlin, Heidelberg},
annote = {Pivot MDS},
author = {Brandes, Ulrik and Pich, Christian},
booktitle = {International Symposium on Graph Drawing},
doi = {10.1007/978-3-540-70904-6_6},
file = {:Users/jz/Library/Application Support/Mendeley Desktop/Downloaded/Brandes, Pich - 2007 - Eigensolver Methods for Progressive Multidimensional Scaling of Large Data.pdf:pdf},
isbn = {978-3-540-70903-9},
issn = {03029743},
pages = {42--53},
publisher = {Springer},
title = {{Eigensolver methods for progressive multidimensional scaling of large data}},
url = {http://www.springerlink.com/content/8651606146q45707 http://link.springer.com/10.1007/978-3-540-70904-6{\_}6},
year = {2007}
}
@article{Liiv2010,
author = {Liiv, Innar},
doi = {10.1002/sam.10071},
file = {:Users/jz/Library/Application Support/Mendeley Desktop/Downloaded/Liiv - 2010 - Seriation and matrix reordering methods An historical overview.pdf:pdf},
journal = {Statistical Analysis and Data Mining},
number = {2},
pages = {70--91},
title = {{Seriation and matrix reordering methods: An historical overview}},
volume = {3},
year = {2010}
}
@article{Khoury2012,
annote = {mars},
author = {Khoury, Marc and Hu, Yifan and Krishnan, Shankar and Scheidegger, Carlos},
doi = {10.1111/j.1467-8659.2012.03090.x},
file = {:Users/jz/Library/Application Support/Mendeley Desktop/Downloaded/Khoury et al. - 2012 - Drawing large graphs by low-rank stress majorization.pdf:pdf},
journal = {Computer Graphics Forum},
number = {3},
pages = {975--984},
title = {{Drawing large graphs by low-rank stress majorization}},
url = {http://doi.wiley.com/10.1111/j.1467-8659.2012.03090.x},
volume = {31},
year = {2012}
}
@inproceedings{Gansner2011,
author = {Gansner, Emden R. and Hu, Yifan and North, Stephen and Scheidegger, Carlos},
booktitle = {IEEE Pacific Visualization Symposium},
doi = {10.1109/PACIFICVIS.2011.5742389},
file = {::},
isbn = {9781612849324},
keywords = {Edge bundling,clustering,graph drawing,multilevel},
pages = {187--194},
title = {{Multilevel agglomerative edge bundling for visualizing large graphs}},
year = {2011}
}
@article{Holten2009,
author = {Holten, Danny and {Van Wijk}, Jarke J.},
doi = {10.1111/j.1467-8659.2009.01450.x},
file = {::},
journal = {Computer Graphics Forum},
number = {3},
pages = {983--990},
title = {{Force-directed edge bundling for graph visualization}},
volume = {28},
year = {2009}
}
@article{Kamada1989,
author = {Kamada, Tomihisa and Kawai, Satoru},
doi = {10.1016/0020-0190(89)90102-6},
file = {:Users/jz/Library/Application Support/Mendeley Desktop/Downloaded/Kamada, Kawai - 1989 - An algorithm for drawing general undirected graphs.pdf:pdf},
journal = {Information Processing Letters},
keywords = {drawing algorithm,graph,layout,network structure},
number = {1},
pages = {7--15},
title = {{An algorithm for drawing general undirected graphs}},
url = {http://linkinghub.elsevier.com/retrieve/pii/0020019089901026},
volume = {31},
year = {1989}
}
@inproceedings{Brandes2008,
author = {Brandes, Ulrik and Pich, Christian},
booktitle = {International Symposium on Graph Drawing},
doi = {10.1007/978-3-642-00219-9_21},
file = {::},
isbn = {978-3-642-00218-2/pbk},
pages = {218--229},
publisher = {Springer},
title = {{An experimental study on distance-based graph drawing}},
url = {http://link.springer.com/10.1007/978-3-642-00219-9{\_}21},
year = {2008}
}
@article{Brandes2011,
author = {Brandes, Ulrik and Pich, Christian},
doi = {10.1007/978-3-642-11805-0_12},
file = {::},
journal = {Journal of Graph Algorithms and Applications},
number = {1},
pages = {157--173},
title = {{More flexible radial layout}},
volume = {15},
year = {2011}
}
@article{Fruchterman1991,
author = {Fruchterman, Thomas M J and Reingold, Edward M},
doi = {10.1002/spe.4380211102},
file = {:Users/jz/Library/Application Support/Mendeley Desktop/Downloaded/Fruchterman, Reingold - 1991 - Graph drawing by force-directed placement.pdf:pdf},
journal = {Software: Practice and Experience},
number = {11},
pages = {1129--1164},
title = {{Graph drawing by force-directed placement}},
url = {http://doi.wiley.com/10.1002/spe.4380211102},
volume = {21},
year = {1991}
}
@inproceedings{Gansner2004,
author = {Gansner, Emden R. and Koren, Yehuda and North, Stephen},
booktitle = {International Symposium on Graph Drawing},
doi = {10.1007/978-3-540-31843-9_25},
file = {:Users/jz/Library/Application Support/Mendeley Desktop/Downloaded/Gansner, Koren, North - 2005 - Graph Drawing by Stress Majorization.pdf:pdf},
isbn = {3-540-31425-3},
issn = {10958290},
pages = {239--250},
pmid = {21193480},
publisher = {Springer},
title = {{Graph drawing by stress majorization}},
url = {http://link.springer.com/10.1007/978-3-540-31843-9{\_}25},
year = {2004}
}
@article{Eklof2013,
author = {Ekl{\"{o}}f, Anna and Jacob, Ute and Kopp, Jason and Bosch, Jordi and Castro-Urgal, Roc{\'{i}}o and Chacoff, Natacha P and Dalsgaard, Bo and de Sassi, Claudio and Galetti, Mauro and Guimar{\~{a}}es, Paulo R and Lom{\'{a}}scolo, Silvia Beatriz and {Mart{\'{i}}n Gonz{\'{a}}lez}, Ana M and Pizo, Marco Aurelio and Rader, Romina and Rodrigo, Anselm and Tylianakis, Jason M and V{\'{a}}zquez, Diego P and Allesina, Stefano},
doi = {10.1111/ele.12081},
editor = {Dunne, Jennifer},
file = {::},
journal = {Ecology Letters},
keywords = {Ecological networks,Food web structure,Intervality,Niche space,Scaling,Species traits},
number = {5},
pages = {577--583},
title = {{The dimensionality of ecological networks}},
url = {http://doi.wiley.com/10.1111/ele.12081},
volume = {16},
year = {2013}
}
@article{Petchey2008,
author = {Petchey, Owen L. and Beckerman, Andrew P. and Riede, Jens O. and Warren, Philip H.},
doi = {10.1073/pnas.0710672105},
file = {:Users/jz/Library/Application Support/Mendeley Desktop/Downloaded/Petchey et al. - 2008 - Size, foraging, and food web structure.pdf:pdf},
journal = {Proceedings of the National Academy of Sciences},
number = {11},
pages = {4191--4196},
title = {{Size, foraging, and food web structure}},
volume = {105},
year = {2008}
}
@article{Williams2000,
author = {Williams, Richard J. and Martinez, Neo D.},
doi = {10.1038/35004572},
file = {::},
journal = {Nature},
number = {6774},
pages = {180--183},
title = {{Simple rules yield complex foodwebs}},
volume = {404},
year = {2000}
}
@article{Pupyrev2016,
author = {Pupyrev, Sergey and Nachmanson, Lev and Bereg, Sergey and Holroyd, Alexander E.},
doi = {10.1016/j.comgeo.2015.10.005},
file = {::},
journal = {Computational Geometry: Theory and Applications},
pages = {18--33},
publisher = {Elsevier B.V.},
title = {{Edge routing with ordered bundles}},
url = {http://dx.doi.org/10.1016/j.comgeo.2015.10.005},
volume = {52},
year = {2016}
}
@article{Johnson2014,
author = {Johnson, Samuel and Dom{\'{i}}nguez-Garc{\'{i}}a, Virginia and Donetti, Luca and Mu{\~{n}}oz, Miguel A.},
doi = {10.1073/pnas.1409077111},
file = {::},
issn = {0027-8424},
journal = {Proceedings of the National Academy of Sciences},
number = {50},
pages = {17923--17928},
title = {{Trophic coherence determines food-web stability}},
url = {http://www.pnas.org/lookup/doi/10.1073/pnas.1409077111},
volume = {111},
year = {2014}
}
@article{Bach2017,
author = {Bach, Benjamin and Riche, Nathalie Henry and Hurter, Christophe and Marriott, Kim and Dwyer, Tim},
doi = {10.1109/TVCG.2016.2598958},
file = {:Users/jz/Library/Application Support/Mendeley Desktop/Downloaded/Bach et al. - 2017 - Towards unambiguous edge bundling Investigating confluent drawings for network visualization.pdf:pdf},
journal = {IEEE Transactions on Visualization and Computer Graphics},
keywords = {Network visualization,bundling,confluent,edge compression,power graph},
number = {1},
pages = {541--550},
title = {{Towards unambiguous edge bundling: Investigating confluent drawings for network visualization}},
volume = {23},
year = {2017}
}
@article{Hu2005,
author = {Hu, Yifan},
doi = {10.3402/qhw.v6i2.5918},
file = {:Users/jz/Library/Application Support/Mendeley Desktop/Downloaded/Hu - 2005 - Efficient, High-Quality Force-Directed Graph Drawing.pdf:pdf},
journal = {Mathematica Journal},
number = {1},
pages = {37--71},
title = {{Efficient, high-quality force-directed graph drawing}},
url = {http://www.mathematica-journal.com/issue/v10i1/contents/graph{\_}draw/graph{\_}draw.pdf},
volume = {10},
year = {2005}
}
@article{Pawar2015,
author = {Pawar, Samraat},
doi = {10.1016/bs.aecr.2015.02.003},
file = {:Users/jz/Library/Application Support/Mendeley Desktop/Downloaded/Pawar - 2015 - The Role of Body Size Variation in Community Assembly.pdf:pdf},
journal = {Advances in Ecological Research},
pages = {201--248},
title = {{The Role of Body Size Variation in Community Assembly}},
volume = {52},
year = {2015}
}
@article{Pawar2012,
annote = {Comparison of 2D and 3D space i.e. species are in the sky},
archivePrefix = {arXiv},
arxivId = {NIHMS150003},
author = {Pawar, Samraat and Dell, Anthony I. and {Van M. Savage}},
doi = {10.1038/nature11131},
eprint = {NIHMS150003},
file = {:Users/jz/Library/Application Support/Mendeley Desktop/Downloaded/Pawar, Dell, Van M. Savage - 2012 - Dimensionality of consumer search space drives trophic interaction strengths.pdf:pdf},
journal = {Nature},
number = {7404},
pages = {485--489},
title = {{Dimensionality of consumer search space drives trophic interaction strengths}},
url = {http://dx.doi.org/10.1038/nature11131},
volume = {486},
year = {2012}
}
@book{Ziegel1987,
archivePrefix = {arXiv},
arxivId = {arXiv:1011.1669v3},
author = {Ziegel, Eric and Press, William and Flannery, Brian and Teukolsky, Saul and Vetterling, William},
eprint = {arXiv:1011.1669v3},
file = {::},
month = {nov},
title = {{Numerical Recipes: The Art of Scientific Computing}},
url = {http://www.jstor.org/stable/1269484?origin=crossref}
}
@article{Holten2006,
annote = {Hierarchical edge bundling: organising your wires so that they don't look so messy.

https://bl.ocks.org/mbostock/7607999},
author = {Holten, Danny},
file = {:Users/jz/Library/Application Support/Mendeley Desktop/Downloaded/Holten - 2006 - Hierarchical Edge Bundles Visualization of Adjacency Relations in Hierarchical Data.pdf:pdf},
journal = {IEEE Transactions on Visualization and Computer Graphics},
keywords = {Visualization},
number = {5},
pages = {741--748},
title = {{Hierarchical edge bundles: Visualization of adjacency relations in hierarchical data}},
volume = {12},
year = {2006}
}
@inproceedings{Jakobsen2001,
annote = {An old paper that provides the background to constraint projection.

I wish more papers were written in this style! It's simply and clearly explained, unlike the dense formal papers that are the norm.},
author = {Jakobsen, Thomas},
booktitle = {Game Developers Conference},
doi = {10.1063/1.1595059},
file = {::},
pages = {1--16},
title = {{Advanced character physics}},
url = {http://cs.anu.edu.au/student/comp3320/lectures/AdvCharPhys.pdf},
year = {2001}
}
@article{Barnes1986,
annote = {The Barnes-Hut Octree method, used to estimate forces between bodies

moves O(n{\^{}}2) to O(nlogn)},
author = {Barnes, Josh and Hut, Piet},
doi = {10.1038/324446a0},
file = {:Users/jz/Library/Application Support/Mendeley Desktop/Downloaded/Barnes, Hut - 1986 - A hierarchical O(N log N) force calculation algorithm.pdf:pdf},
issn = {0028-0836},
journal = {Nature},
number = {6096},
pages = {446--449},
title = {{A hierarchical O(N log N) force calculation algorithm}},
volume = {324},
year = {1986}
}
@article{Dwyer2009,
annote = {The d3 force method, with some really useful constraints such as keeping cycles in a circle, or maintaining a convex boundary around groups of nodes.},
author = {Dwyer, Tim},
file = {:Users/jz/Library/Application Support/Mendeley Desktop/Downloaded/Dwyer - 2009 - Scalable, Versatile and Simple Constrained Graph Layout.pdf:pdf},
journal = {Computer Graphics Forum},
number = {3},
pages = {991--998},
title = {{Scalable, versatile and simple constrained graph layout}},
url = {http://doi.wiley.com/10.1111/j.1467-8659.2009.01449.x},
volume = {28},
year = {2009}
}
